1690 3120
297 235 357 282 14
597 214 1283 267 H.STEPHAN1

290 318 467 350 mentum
481 305 528 347 ad
542 305 691 348 sensum
705 307 994 361 intelligendum
1009 307 1134 350 affert.
1156 309 1270 350 cuius
1287 309 1343 350 rei
1359 307 1478 352 muha
1490 308 1573 366 par-

289 362 362 404 fim
375 362 498 403 oculis
510 362 688 416 exempla
699 362 736 402 se
748 361 1083 403 offerent.Verum
1097 362 1150 404 est
1167 364 1228 403 hic
1243 377 1415 418 quoque,
1429 365 1475 406 de
1487 378 1571 419 quo

289 428 332 456 re
351 429 532 457 moneam
545 447 560 464 ,
579 427 670 457 eum
685 416 826 456 alicubi
840 416 1119 470 expositionem
1136 416 1274 459 afferre
1290 431 1448 468 eorum,
1469 431 1572 473 quae

289 472 341 510 ab
356 471 517 525 ipsomet
532 471 766 522 Thucydide
778 470 922 523 exponi
935 470 1272 520 animadvertiffet,
1283 471 1310 512 fi
1327 482 1472 513 attente
1483 486 1575 514 ver-

288 525 342 564 ba
357 527 439 565 eius
454 523 741 571 confideraffet‚
758 525 801 564 δι
824 525 878 563 ita
899 534 946 564 ut
966 537 1104 564 eorum
1124 524 1272 566 sensum
1296 526 1370 567 affe
1399 537 1572 568 ueretur.

289 579 421 619 Huius
439 590 566 620 autem
591 579 647 619 rei
668 591 756 619 cum
778 578 930 669 aliquot
951 577 1090 618 afferre
1111 581 1286 633 exempla
1314 594 1366 634 po
1397 594 1471 630 im,
1489 593 1573 622 uno

290 644 502 673 contentus
522 646 614 678 ero,
641 645 691 672 ex
708 645 793 685 pag.
812 647 830 685 3
864 645 902 671 o.
922 644 1012 671 nam
1035 645 1128 672 curn
1147 632 1284 674 scribat
1294 634 1544 687 Thucydides
1557 663 1572 684 ‚

291 687 329 727 ἐν
339 686 386 727 ἓὲ
398 687 452 737 τῷ
464 682 570 736 αὐτῷ
582 686 748 739 χειμῶνι
761 685 790 725 οἱ
803 685 979 725 Ἀθηναῖοι
988 716 1000 734 ,
1021 685 1079 736 τῷ
1090 687 1237 740 πατρίῳ
1253 686 1349 740 νόμῳ
1360 689 1548 742 χρώμενοι
1557 718 1575 737 ,

291 740 467 792 δημοσίᾳ·
489 743 620 790 τοιφὶις
642 736 864 781 ἐποιήσαντο
891 738 964 779 τῶν
987 740 1023 780 ἐν
1047 739 1151 790 τῷἓε
1175 741 1231 791 τῷ
1247 744 1404 794 πολέμῳ
1427 742 1575 796 πρότον

290 794 565 842 ἀποθανόντων,
577 794 702 848 τρόπῳ
714 793 861 843 τοιῷδέ.
872 792 916 833 Id
937 792 992 833 est
998 824 1012 841 ‚
1027 798 1139 834 eadem
1161 795 1265 834 hieme
1278 795 1519 850 Athetzietzfis,
1532 797 1574 837 de

291 864 383 890 more
390 850 505 904 patrio
521 849 657 902 publice
668 848 871 900 sepelierunt
884 863 964 894 eos,
980 848 1040 901 qui
1057 849 1122 888 hoc
1135 849 1171 887 ia
1196 849 1282 889 bello
1294 851 1399 903 primi
1410 852 1576 891 occubue-

292 915 394 943 rant.-
414 914 530 957 atque
548 903 586 942 id
600 901 774 943 fecerunt
795 902 860 942 hoc
877 904 987 942 modo.
1002 901 1130 949 Cum,
1152 903 1329 956 inquam,
1348 904 1424 945 hoc
1437 903 1575 945 scribat

292 957 541 1010 Thucydides
553 988 566 1004 ,
579 956 631 996 ’δι
650 955 844 1005 ostendat,
863 955 901 996 se
921 968 1071 995 morem
1086 957 1250 1010 patrium
1268 957 1314 997 de
1329 956 1391 998 illa
1411 957 1575 999 consue-

291 1012 427 1051 tudine
454 1011 655 1065 sepeliendi
678 1010 831 1064 publice
854 1010 1065 1063 intelligere
1083 1023 1093 1050 :
1125 1021 1255 1050 tamen
1283 1011 1576 1067 ille‘exponens

294 1065 390 1107 haec
406 1066 545 1112 verba,
556 1064 611 1116 τῷ
625 1063 774 1118 Ιπατρίῳ
788 1063 884 1116 νόμῳ
897 1065 1093 1118 χρώμενοι,
1113 1063 1246 1119 (quae,
1257 1063 1286 1103 sl
1300 1067 1467 1106 verbum
1483 1079 1574 1108 ver·

294 1116 350 1159 bo
369 1120 525 1167 reddas,
543 1118 700 1166 sonant,
718 1119 835 1172 patrio
856 1134 945 1158 more
965 1130 1115 1159 utentes.-
1138 1119 1200 1159 sed
1214 1118 1385 1160 Latinius
1408 1120 1574 1172 dixeris,

289 1175 444 1228 patrium
469 1189 591 1214 morem
613 1184 777 1220 tenentes,
797 1172 863 1211 vel
875 1171 1076 1227 servantes)
1100 1173 1203 1213 hunc
1231 1173 1395 1227 patrium
1420 1188 1574 1215 morem

294 1226 406 1268 fuiffe
425 1228 476 1267 ait
493 1227 685 1268 cremandi
700 1238 879 1279 corpora.
897 1226 1104 1279 Postquam
1120 1227 1221 1266 enim
1238 1227 1356 1268 verba
1376 1227 1440 1268 illa
1455 1241 1576 1283 expo.

294 1281 369 1322 suit
384 1281 459 1321 istis
469 1314 482 1332 ,
500 1284 562 1322 τον
575 1280 734 1335 πάτριον
750 1282 855 1331 νόμον
874 1280 1099 1333 πληροῦντες
1110 1281 1196 1334 περὶ
1212 1279 1278 1321 τῆς
1292 1279 1367 1320 τῶν
1382 1282 1576 1324 Ἀθηναίων

295 1336 432 1385 ταφῆς,
449 1336 550 1375 addit
569 1334 741 1376 snaovbm
756 1334 973 1374 καύσαντες
989 1336 1044 1374 τὰ,
1062 1334 1229 1385 σώματα
1241 1365 1253 1384 ,
1274 1335 1310 1374 id
1325 1334 1380 1376 est
1391 1367 1403 1385 ‚
1421 1351 1497 1376 cum
1518 1337 1575 1377 νὶ-

297 1391 414 1430 delicet
428 1406 568 1446 corpqra
580 1389 783 1442 cremaffint.
798 1389 931 1442 Atque
953 1388 1011 1428 his
1024 1389 1182 1428 minime
1198 1398 1430 1439 contentus,
1449 1391 1576 1442 addit,

297 1438 403 1484 οὗτος
417 1446 496 1497 γὰρ
516 1446 553 1484 ἦν
566 1443 674 1494 νόμος·
683 1441 881 1482 Ἀθηναίοις
894 1442 963 1481 mi
975 1443 1077 1483 πᾶσι
1097 1440 1358 1493 τοῖςἘλλησι,
1371 1444 1409 1483 id
1425 1443 1498 1493 est,
1519 1446 1576 1486 lzt'c

297 1499 385 1538 enim
398 1514 470 1538 mos
483 1510 556 1538 erat
567 1498 830 1549 Athenienfibus
842 1497 878 1535 δ’
892 1497 1035 1536 Graecis
1051 1497 1217 1536 omnibus.
1235 1496 1358 1551 Atqui
1370 1498 1578 1551 Thucydi*-

298 1552 365 1592 des
377 1551 474 1605 ipse,
496 1551 572 1605 (uti
586 1545 690 1605 dixi)
702 1564 791 1591 cum
804 1550 931 1590 scribit
944 1549 1196 1591 Athenienses
1212 1563 1363 1592 morem
1379 1553 1547 1605 patrium
1560 1583 1577 1602 ‚

297 1605 364 1646 seu
385 1605 599 1646 institutum
620 1604 837 1651 servantes,
858 1605 971 1659 (nam
996 1603 1059 1644 hic
1083 1604 1204 1656 νόμον,
1229 1605 1294 1645 vel
1318 1618 1489 1653 morem,
1508 1606 1576 1648 vel

297 1660 513 1700 institutum
523 1690 535 1706 ,
546 1659 612 1700 vei
626 1660 758 1708 ritum,
769 1660 898 1712 potius
909 1671 1029 1711 quam
1042 1658 1165 1712 legem
1174 1688 1188 1705 ,
1201 1659 1280 1699 inte
1327 1660 1442 1700 retari
1451 1673 1576 1714 opor·

299 1714 383 1767 tet)
401 1714 549 1768 publice
562 1714 649 1754 illos
660 1712 844 1767 sepeiiffe,
862 1713 1032 1766 aliquam
1050 1711 1209 1753 suorum
1226 1726 1296 1752 ver
1324 1726 1437 1754 orum
1452 1727 1578 1769 expo·

299 1767 477 1808 sirionem
489 1781 676 1821 quaerere
691 1779 772 1806 non
789 1766 876 1806 sinit
886 1797 898 1816 ,
912 1779 1001 1807 cum
1013 1767 1174 1832 perinde
1186 1766 1232 1806 s1t
1245 1779 1292 1807 ac
1304 1766 1333 1807 si
1349 1767 1504 1818 diceret,
1519 1768 1576 1810 νό·

297 1833 375 1873 μου
388 1828 546 1875 πατρίου
561 1822 663 1861 ’ὄντος
678 1820 847 1871 Sumo-1¹20
867 1822 998 1869 τοιφέις
1009 1819 1149 1860 εκείνων
1168 1820 1411 1862 ποιήσασθαι
1422 1852 1437 1868 ,
1453 1822 1575 1874 τούτῳ

299 1872 528 1930 ἐχρήσαντο.
541 1875 655 1915 Valla
667 1886 798 1915 autem
810 1875 858 1914 ad
868 1874 1141 1915 cremationem
1154 1874 1197 1914 δι
1209 1874 1287 1930 ipse
1301 1874 1440 1930 respici
1451 1875 1577 1916 existi-

301 1930 447 1977 mavit,
468 1929 530 1970 sed
543 1929 650 1970 aliter
661 1939 791 1969 tamen
804 1941 988 1982 peccans,
1033 1941 1123 1968 uam
1139 1927 1364 1970 scholiastes.
1380 1942 1468 1970 nam
1485 1942 1576 1971 cen-

300 1983 376 2024 suit
387 1984 543 2038 quidem
557 1983 664 2023 illum
676 1983 831 2036 οτέιτριον
846 1982 950 2033 νόμον
967 1995 990 2022 e
1021 1995 1044 2023 e
1057 1986 1104 2022 το
1123 1985 1253 2031 ταφὰς
1265 1982 1435 2034 δημοσίᾳ.
1455 1983 1576 2025 ποιεῖ-

300 2042 397 2079 ozan
410 2068 422 2084 ,
437 2037 498 2077 sed
516 2039 647 2086 ταφὰς
662 2032 856 2077 ποιεῖσθαι
874 2036 929 2077 est
947 2037 1216 2090 interpretatus
1235 2036 1496 2091 bustumfiacere.

370 2093 543 2138 Verum,
562 2102 605 2131 ut
623 2104 723 2145 quae
746 2091 915 2145 speEiant
935 2090 983 2130 ad
1003 2091 1080 2131 hoc
1101 2091 1148 2130 de
1169 2090 1438 2132 subauditione
1456 2102 1575 2147 caput

301 2145 522 2201 persequar,
544 2145 738 2186 sciendum
756 2144 832 2191 est,
850 2144 956 2186 hunc
972 2156 1234 2186 enarratorem
1250 2145 1438 2187 adverbio
1451 2145 1576 2188 θηλα-

301 2199 354 2240 sir
369 2212 649 2253 nonnunquam
664 2200 828 2239 eundem
839 2229 851 2245 ,
869 2211 985 2253 quem
1001 2199 1054 2239 ini
1071 2199 1264 2246 δηλονότι,
1281 2198 1392 2240 usum
1410 2201 1513 2240 dare.
1532 2200 1577 2241 &

301 2253 418 2298 illud,
440 2253 536 2294 ficut
560 2254 603 2294 δι
623 2253 720 2302 hoc,
741 2253 879 2294 Latino
895 2253 1050 2294 videlicet
1063 2253 1178 2293 reddi.
1201 2253 1336 2294 Utitur
1357 2264 1485 2295 autem
1506 2252 1576 2294 illo

303 2320 467 2363 quoque
481 2307 667 2348 adverbio
681 2321 769 2348 cum
784 2309 867 2348 aliis
877 2307 916 2347 in
930 2307 1048 2355 locis,
1064 2318 1148 2348 tum
1160 2320 1259 2348 vero
1273 2319 1358 2368 pag.
1374 2307 1462 2362 58o‚
1481 2319 1576 2348 cum

304 2363 344 2403 in
361 2362 456 2402 haec
471 2362 611 2408 verba,
622 2363 863 2413 μεμφομένων
879 2362 941 2400 nod
956 2362 1121 2403 ἀκόντων
1143 2367 1372 2410 Θεσσαλων,
1389 2371 1575 2409 annotat,

304 2416 547 2468 μεμφομένων
563 2414 718 2456 snmsh
731 2415 809 2455 τοῖς
822 2414 1144 2468 Λακεδαιμονίοις.
1157 2415 1207 2455 Et
1216 2427 1301 2469 pag.
1314 2415 1429 2470 4981.
1444 2414 1576 2462 „Tafe

306 2469 380 2514 ἔξω
393 2469 568 2523 πίσυνοι)
590 2466 879 2520 αὐτομολήσασι
895 2467 1060 2512 sundri.
1076 2469 1137 2510 Sic
1154 2468 1268 2509 etiam
1283 2481 1368 2534 pag.
1391 2482 1408 2523 5
1442 2483 1464 2508 2
1486 2468 1509 2508 l.
1530 2482 1546 2508 1
1562 2498 1577 2518 ,

308 2524 378 2567 ubi
388 2522 562 2566 scribitur
578 2536 602 2564 a
614 2523 868 2576 Thucydide,
885 2520 933 2566 ὦς
946 2523 1192 2578 Τισσαφέρνης
1205 2519 1310 2575 αὗτῳ
1327 2537 1403 2565 um
1435 2522 1550 2578 ἐξαιτο
1561 2550 1577 2571 ,
