1690 3120
315 231 387 278 60
513 229 1396 279 ANNOTATIONES

376 322 448 359 ead.
466 321 490 360 l.
508 334 568 371 24.
596 321 677 361 Ἐπὶ
699 322 879 377 φανεραῖς
890 324 985 376 διο.)
1015 324 1110 364 Non
1133 334 1220 377 apte
1239 323 1446 377 exponitur
1466 323 1591 378 ῥητοῖς

323 372 463 427 γέρασι
480 387 549 428 per
559 387 656 426 φανε
677 378 724 416 ας
732 377 871 427 τιμέιςε
887 390 933 418 ac
943 378 1065 418 videri
1075 388 1180 418 certe
1194 377 1316 430 potest
1329 378 1504 431 φανεραῖς
1516 391 1591 431 pro

324 426 399 466 alia
418 440 520 468 voce
539 429 640 481 irrep
658 422 735 471 tffe.
759 431 820 470 Ac
840 442 943 471 certe
965 431 1089 485 ῥητοῖς
1105 431 1243 472 melius
1259 432 1372 471 etiam
1388 431 1591 472 vocabulo

323 476 547 533 ὡρισμένοις,
559 493 626 522 aut
637 482 716 523 alio
731 483 949 525 huiusmodi
959 514 974 530 ‚
988 498 1104 538 quam
1119 485 1187 525 illo
1203 484 1513 538 ὁμολογουμένοις
1526 498 1592 525 ex-

326 534 494 588 positum
506 537 553 576 ab
566 549 617 576 eo
630 534 766 577 fuiss'et.
791 537 907 578 Aliud
918 539 1019 579 enim
1035 539 1096 579 hic
1111 551 1190 579 non
1202 538 1378 592 intelligit
1386 538 1592 591 Thucydi-

324 588 391 628 des
402 619 416 636 ‚
441 603 557 642 quam
569 592 675 644 quod
692 590 826 631 Vallae
838 592 952 632 nobis
963 592 1118 633 exhibet
1130 593 1424 646 interpretatio,
1447 604 1486 631 at
1492 592 1593 644 prius

328 656 431 695 regna
442 643 641 684 hereditaria
662 658 772 692 erant,
789 644 824 683 δ’
834 647 932 687 certis
946 646 1127 686 honoribus
1139 647 1276 698 definita
1286 662 1304 694 ;
1325 645 1392 685 nist
1406 646 1513 699 quod
1526 645 1594 698 'yf-

326 711 412 749 ρασι
426 696 634 739 maluissem
648 699 836 739 honorariis
844 701 1020 753 praemiis,
1030 713 1146 754 quam
1159 699 1379 753 simpliciter
1394 700 1594 749 honoribus,

325 749 432 790 illum
445 751 705 805 interpretari:
732 753 877 794 etiamst.
887 753 930 794 &
943 753 1073 795 noster
1081 752 1305 794 Scholiastes
1318 764 1490 809 exponat
1505 753 1594 793 sun-

327 804 477 858 pliciter
486 806 630 856 τιμαῖς.
645 806 799 847 STEPH.

380 861 455 899 ead.
468 860 492 898 l.
507 874 529 899 2
539 873 570 912 5.
588 859 664 901 Τῶν
675 860 909 914 τυραννίὲων)
929 858 998 902 Τῧς
1014 859 1224 915 τυραννίέος
1237 859 1340 901 Caff.
1564 899 1566 901 .

383 916 457 952 ead.
472 913 495 952 l.
509 914 570 953 26.
583 913 706 965 Νόμου
715 915 870 967 κρείττω
883 914 988 969 ἔχει)
1002 914 1118 966 Νόμαν
1133 914 1218 970 ἔχει
1230 913 1366 968 Rostg.
1378 912 1494 954 Μόνον
1507 911 1596 969 ἔχει

326 964 426 1006 Caff.
445 966 615 1020 Vulgata
632 968 754 1008 nihilo
766 969 933 1009 deterior
948 968 1013 1009 est.

382 1023 456 1060 ead.
469 1021 494 1060 l.
508 1035 570 1072 27.
583 1023 674 1062 Ἀπὸ
687 1021 758 1062 τῶν
769 1022 940 1075 πατέρων
955 1022 1055 1076 διε.)
1068 1022 1211 1076 Aptius
1222 1021 1328 1076 quod
1341 1020 1596 1073 Thucydides

329 1086 409 1114 una
429 1087 530 1114 voce
551 1075 641 1115 dicit
658 1076 869 1128 πατρικαὶ,
893 1089 971 1117 una
991 1077 1121 1116 itidem
1144 1075 1401 1129 exposuisset,
1423 1087 1524 1129 quae
1542 1073 1597 1114 est

328 1128 567 1181 composita:
593 1129 772 1170 videlicet
793 1130 1146 1183 πατροπαραέοτοι.
1173 1130 1246 1170 Sed
1267 1130 1355 1183 quis
1378 1128 1431 1168 illi
1453 1129 1500 1168 de
1522 1141 1598 1177 eo,

328 1183 437 1235 quod
452 1181 662 1236 subiungit,
688 1183 934 1224 assentiatur?
953 1183 1227 1236 Thucydidem
1244 1195 1466 1237 proponere
1487 1181 1598 1222 diffe-

327 1236 488 1276 rentiam
499 1266 513 1283 ‚
533 1249 635 1290 quae
648 1236 703 1277 est
718 1238 813 1277 inter
827 1237 1074 1290 tyrannidem
1087 1237 1128 1277 &
1145 1250 1309 1291 regnum
1320 1266 1332 1285 ,
1347 1235 1599 1291 philosopho-

327 1301 417 1329 rum
432 1303 558 1331 more:
583 1300 622 1330 at
633 1302 812 1331 oratores
825 1290 1084 1332 indifferenter
1105 1290 1207 1332 hisce
1221 1291 1377 1331 duobus
1391 1289 1599 1330 vocabulis

329 1341 453 1384 solere
465 1345 533 1384 uti.
555 1344 682 1385 Immo
695 1358 795 1385 vero
818 1356 902 1385 tota
921 1355 1122 1385 oratorum
1146 1346 1315 1392 cohors,
1332 1345 1430 1384 duce
1444 1343 1600 1383 Demo·

330 1395 485 1445 sthene,
508 1410 589 1438 non
608 1399 735 1439 minus
753 1399 926 1440 alacriter
938 1412 1043 1439 arma
1057 1411 1130 1453 pro
1144 1412 1162 1438 r
1214 1399 1298 1439 ibus
1315 1396 1518 1438 adversum
1532 1409 1601 1449 ty-

328 1463 472 1492 rannos
505 1453 738 1505 corripuerit
749 1483 763 1500 ‚
791 1466 911 1507 quam
942 1452 1043 1493 ullae
1077 1411 1395 1507 philJophorum
1428 1460 1597 1491 turmae.

330 1503 485 1546 STEPH.
493 1507 586 1546 ’Am-b
595 1506 667 1547 τῶν
678 1506 850 1561 πατέρων
857 1521 917 1546 πα
939 1506 1252 1558 αλαμβανόμει·αι
1259 1519 1343 1546 non
1350 1505 1436 1545 sunt
1449 1503 1596 1544 inCaffi

383 1562 456 1599 ead.
471 1560 495 1598 t.
517 1572 575 1612 30.
590 1560 802 1613 Προσεῖχον
815 1523 937 1614 αὐτῆς
949 1559 1086 1600 Sensus
1097 1560 1255 1613 quidem
1267 1572 1347 1599 non
1363 1559 1462 1599 adeo
1471 1557 1600 1598 viola-

330 1622 398 1652 tur
422 1613 740 1667 interpretatione
762 1615 835 1654 hac
849 1643 860 1662 ‚
885 1614 927 1655 &
944 1614 1145 1667 προσέχειν
1166 1613 1242 1653 τοῖς
1256 1613 1444 1653 ναυτικοῖς
1456 1610 1602 1666 phrafis

330 1666 588 1719 Thucydidea
608 1667 663 1708 est
679 1681 758 1708 non
770 1681 853 1708 uno
868 1668 909 1707 in
922 1667 1028 1708 loco.
1050 1669 1141 1708 Non
1155 1678 1285 1707 tamen
1299 1667 1398 1707 idem
1412 1664 1600 1719 fignifica-

331 1732 377 1760 re
387 1719 543 1775 poffunt
556 1721 594 1761 h.
606 1721 631 1762 1.
644 1722 826 1775 προσέχω
838 1721 879 1761 &
891 1721 1050 1775 ἀντέχω
1060 1753 1071 1770 ,
1090 1734 1164 1761 nec
1177 1721 1324 1774 regitur
1337 1720 1386 1760 ab
1397 1720 1600 1774 ἀντείχον-

332 1787 379 1813 το
402 1776 466 1822 το,
487 1774 555 1816 τῆς
578 1776 786 1816 θαλάσσης
796 1806 808 1822 ,
832 1774 893 1815 sed
914 1776 962 1815 ab
983 1774 1175 1815 intelle&a
1202 1773 1488 1829 praeposrtione
1514 1771 1600 1812 θνα.

1648 184 1655 194 a

1683 1066 1690 1105 „aa
1669 843 1690 1027 ...0.ffl:v‚-fi-.'z*f
1678 733 1690 827 ...s-'ma
1678 370 1690 716 ..mcum-m-;tm.-—
1674 167 1690 355 -a=„-v;L-..-‘⁴

331 1829 434 1868 Nam
448 1827 673 1881 ἀντείχοντο
682 1860 694 1878 ,
707 1828 899 1876 absolute,
912 1830 1156 1883 praevalebant
1166 1859 1178 1875 ‚
1193 1838 1260 1868 aut
1272 1828 1432 1882 resistendi
1450 1827 1522 1866 vim
1537 1828 1602 1865 ha·

331 1883 455 1921 bebant
476 1881 689 1936 (subintell.
714 1882 758 1933 τῇ
781 1884 844 1933 βίᾳ.
855 1882 927 1922 τῶν
942 1882 1084 1930 ἄλλων,
1101 1882 1191 1923 ταῖς
1209 1881 1418 1934 δυνάμεσι,
1433 1879 1515 1921 τοῖς
1524 1880 1602 1933 ἐχὲ

332 1935 447 1990 θροΐς)
469 1936 539 1977 st&
554 1936 620 1978 τῆς
637 1936 852 1978 θαλάσσης.
872 1936 1065 1977 GRAMM.

387 1992 459 2029 ead.
471 1990 495 2028 l.
514 2004 573 2044 31.
587 1990 820 2042 Ἐναλλέιξοιι
840 1990 936 2044 &c.)
952 1990 1055 2031 Male
1074 1989 1241 2030 verbum
1257 1987 1538 2050 μεταχειρίσαι
1550 1986 1603 2027 ab
1670 1969 1690 2026 [ἰ

331 2042 409 2083 hoc
422 2054 646 2084 enarratore
662 2045 809 2098 exponi
822 2045 949 2084 verbo
967 2043 1181 2095 ἐναλλάξαι
1192 2072 1205 2091 ,
1221 2055 1309 2082 cum
1331 2055 1370 2081 m
1390 2054 1481 2082 meo
1493 2041 1603 2081 The-

334 2096 452 2137 sauro
459 2097 634 2138 Graecae
644 2099 796 2151 linguae
806 2098 1019 2145 docuerim,
1031 2097 1173 2137 adeum
1185 2107 1225 2136 te
1235 2095 1435 2136 remittam.
1446 2095 1602 2136 STEPH.
1676 2088 1690 2121 >⁷³

389 2153 463 2190 ead.
476 2151 500 2189 l.
519 2165 580 2205 32.
595 2151 717 2191 Ποιεῖν
730 2151 896 2204 τριήρεις)
913 2153 986 2202 Γᾶς
999 2150 1177 2190 ἐποίησαν
1192 2146 1340 2202 τριήρεις
1353 2148 1454 2190 Caff.

387 2206 462 2243 ead.
477 2205 500 2243 l.
517 2217 577 2258 35.
589 2205 769 2244 Γνωστέον
790 2205 855 2243 καὶ
869 2203 965 2257 &c.)
980 2205 1079 2244 Hinc
1092 2205 1192 2243 etiam
1207 2203 1383 2257 (inquit)
1405 2201 1603 2256 cogitosi-em·
1672 2211 1690 2236 ’θ-

332 2257 415 2299 'dum
434 2261 498 2311 est,
525 2260 753 2311 Thucyaefidem
765 2258 1105 2311 ‹stelionemscripfiffe
1115 2259 1190 2310 post
1209 2257 1388 2310 historiam.
1410 2256 1604 2309 Interpre-

332 2322 399 2352 τοι·
411 2322 539 2352 autem
555 2311 670 2364 λέξιν,
681 2313 852 2351 dictionem
865 2343 876 2360 ‚
893 2311 1057 2351 verbum
1074 2311 1200 2351 verbo
1212 2310 1370 2350 reddens
1380 2340 1393 2358 ,
1411 2310 1452 2349 δι
1466 2310 1603 2349 Latina

331 2365 398 2406 illa
409 2378 512 2406 voce
524 2375 657 2405 utens:
678 2378 760 2406 non
775 2376 903 2405 autem
921 2366 1084 2405 abutens
1095 2396 1108 2412 ‚
1127 2363 1298 2404 cumillis
1308 2392 1320 2410 ‚
1338 2363 1406 2417 qui
1419 2375 1533 2403 unam
1548 2363 1604 2402 di-

335 2419 504 2461 &ionem
530 2432 603 2473 pro
622 2417 706 2459 uno
716 2419 916 2459 vocabulo
930 2420 1072 2459 dicunt.
1091 2418 1270 2471 intelligit
1281 2427 1434 2463 autem,
1454 2427 1499 2457 ut
1517 2416 1605 2469 opi-

335 2485 432 2519 nor,
450 2472 722 2524 Thucydidem
734 2502 746 2520 ,
763 2471 859 2526 ‘1³0st
874 2472 1198 2524 extemporariam
1210 2470 1402 2524 quandam
1415 2471 1454 2510 &
1469 2470 1603 2510 rudem

336 2524 515 2568 historiae
533 2520 779 2582 scriptionem
805 2525 900 2582 (per
913 2525 1081 2577 summa,
1100 2537 1143 2567 ut
1158 2524 1334 2568 credibile
1349 2523 1428 2572 est,
1449 2522 1603 2579 capita)
