1690 3120
294 220 389 265 2¹4
484 202 1373 253 ANNOTATION'ES

353 294 428 333 ead.
450 294 474 332 l.
501 307 562 347 30.
581 293 953 348 Ἀντιφορικῶς)νε1
970 294 1048 335 hoc
1072 294 1302 335 adverbium
1325 293 1469 336 indicio
1485 294 1565 345 est,

292 347 392 386 hanc
404 347 684 400 expositionem
694 347 973 389 adscribendam
983 347 1057 390 effe
1069 349 1197 391 verbis
1206 349 1452 404 sequentibus
1457 349 1565 391 Thu-

293 401 444 453 cydidis
456 401 621 454 βραδέως
635 416 679 442 τε
693 401 948 456 ξυνελέγοντο.

304 462 306 464 ’
347 458 421 495 ead.
435 457 458 493 l.
472 470 533 507 34.
547 458 738 496 Πολιτικὰ
750 457 1017 511 συντάγματα
1028 486 1042 502 ,
1057 455 1112 497 δί’
1122 451 1168 497 ὃν
1179 458 1224 496 ‘rb
1236 451 1564 551 dmthuanto

293 509 428 549 melius
443 509 513 548 Ms.
528 515 658 550 Πολιτ.
673 509 944 563 συντάγματα
957 511 1008 559 δν,
1019 505 1065 550 ὧν
1076 512 1118 549 τὶ
1131 507 1253 564 εὗπορ.
1264 511 1357 551 Vid.
1407 523 1431 551 a
1479 524 1561 553 ocr-

292 561 446 603 Suidam
462 563 500 603 in
514 562 656 610 ἱππ-ας,
671 563 713 604 &
726 564 792 617 qui
810 563 1017 605 laudantur
1030 566 1069 604 in
1089 565 1202 604 Notis
1213 565 1260 605 ad
1276 564 1423 617 Thucy
1451 566 1563 607 idem.

347 617 439 669 Pag.
451 631 498 667 41
506 630 544 657 0.
558 618 582 656 l.
599 631 629 657 ι.
643 617 768 670 Δεῖξιν
779 617 965 670 φανερὰν)
978 617 1096 658 Deest
1107 617 1387 672 cumsequente
1401 619 1563 660 scholio.

346 673 421 710 ead.v
436 672 460 710 l.
476 687 512 720 4.
525 668 718 725 Ἐζήτουν)
734 665 780 711 Ὅ
801 671 903 711 ἐστιν
925 671 1083 723 ἐζήτουν.
1112 671 1190 712 Sed·
1206 672 1341 713 melius
1361 673 1452 713 huic
1471 673 1564 713 loco

293 724 533 765 conveniunt
552 724 845 778 significationes
866 726 977 765 verbi
995 726 1276 781 ἐπαγγέλλειν,
1292 738 1394 780 quae
1418 725 1505 767 sunt
1523 727 1565 767 in

292 777 433 842 Suida:
453 779 697 834 ἐπαγγέλλει
710 809 725 827 ,
745 779 829 821 ἀντὶ
849 776 918 820 τοῦ
940 779 1149 820 ἐπιτάσσει
1163 810 1180 829 ,
1202 779 1455 831 ἐντέλλεται,
1471 780 1564 822 sm·

292 843 506 874 κελευεται.

347 889 422 926 ead.
435 888 459 926 l.
480 901 512 940 5.
525 886 580 926 Ἐν
601 884 749 927 τούτοις
769 884 853 928 τοῖς
871 885 1043 940 χρόνοις)
1054 886 1189 927 Verba
1203 885 1467 940 Thucydidis:
1489 887 1570 929 Καὶ

294 942 401 979 κατὰ
413 944 475 982 τὶν
488 939 615 995 χρόνον
628 939 760 981 τοῦτον
780 972 790 980 .
810 971 818 980 .
843 940 878 983 ἐν
891 940 968 981 τοῖς
981 940 1170 981 πλεῖσται
1186 940 1237 982 J‘h
1253 940 1330 983 νῆες
1348 936 1565 992 &stad-1075

292 993 434 1047 ἐνεργοὶ
447 995 584 1034 κάλλει
606 994 788 1047 ἐγένοντο.
804 995 881 1034 Hic
905 994 951 1034 ad
971 994 1055 1043 illa,
1073 994 1110 1034 ἐν
1131 994 1224 1042 τοῖς,
1325 995 1438 1036 licem
1461 996 1566 1049 leges

293 1058 446 1088 notam:
468 1049 502 1088 ἐν
521 1048 666 1088 τούτοις
678 1048 757 1089 τοῖς
769 1046 924 1102 χρόνοις·
940 1063 962 1089 n
976 1047 1057 1088 τοῖς
1075 1047 1275 1089 Ἀθηναίοις.
1323 1049 1403 1089 rior
1424 1051 1566 1091 merito

294 1102 477 1149 reficitur,
500 1110 659 1156 propter
680 1104 956 1156 ταυτολογίαν,
977 1115 1066 1143 curn
1088 1101 1353 1156 praecesserit,
1373 1104 1482 1142 κατὰ
1499 1106 1565 1145 τον

295 1154 427 1209 χρόνον
440 1155 583 1197 τοῦτον.
596 1155 791 1197 Posterior
803 1155 937 1197 nostro
950 1156 1094 1196 iudicio
1114 1169 1209 1196 vera
1221 1156 1286 1196 est.
1298 1157 1399 1196 Nam
1413 1155 1442 1196 fi
1456 1167 1567 1198 ante-

295 1209 469 1249 cedentia
485 1210 687 1257 conferas,
704 1210 875 1258 videbis,
896 1211 932 1251 ἑν
951 1209 1031 1250 τοῖς
1049 1209 1141 1263 (pro
1156 1210 1191 1250 ἐν
1207 1207 1361 1264 αὐτοῖς)
1370 1210 1417 1250 ad
1431 1212 1565 1265 proxi-

294 1276 360 1304 me
380 1275 619 1305 memoratos
645 1262 800 1311 referri,
817 1276 956 1318 nempe
976 1262 1248 1312 Athenienses,
1269 1277 1359 1305 cum
1385 1277 1454 1318 per
1475 1263 1569 1306 τοὺς

294 1316 449 1358 ἐκείνους
461 1318 721 1372 intelligantur
740 1318 1044 1359 Lacedaemonii.
1060 1316 1242 1371 Displicet
1262 1329 1358 1371 ergo
1376 1318 1570 1368 interpre-

295 1372 393 1411 tatio
407 1372 467 1412 Fr.
479 1372 589 1412 Porti
601 1404 614 1421 ‚
635 1372 669 1412 ἐν
683 1371 829 1412 τούτοις
840 1371 918 1412 τοῖς
930 1372 1142 1425 πράγμασι
1152 1402 1164 1420 ,
1185 1385 1304 1426 quam
1320 1371 1508 1412 transtulit
1522 1373 1566 1413 in

295 1424 514 1466 versionem
528 1427 702 1466 Latinam
714 1425 818 1466 suam
835 1425 1037 1466 Aemilius.
1049 1424 1285 1479 Stephanum
1298 1435 1428 1466 autem
1438 1425 1569 1466 nobisss

295 1492 386 1519 cum
401 1479 552 1529 sentire,
566 1480 605 1519 in
618 1479 786 1521 editione
797 1478 960 1520 secunda
974 1479 1134 1525 videbis,
1149 1479 1207 1518 uti
1225 1479 1268 1518 δὲ
1289 1479 1567 1522 Enenckelium

295 1546 343 1574 ac
358 1533 631 1574 Winsemium.
655 1533 793 1574 Altera
804 1533 1055 1574 annotatione
1073 1532 1302 1574 Scholiastes
1320 1533 1568 1575 vocabulum

295 1587 440 1640 ἐνεργοὶ
461 1587 562 1628 reae
576 1587 728 1642 quidem
743 1586 971 1641 exposuiffet
990 1587 1049 1627 his
1057 1617 1079 1634 ,v
1091 1586 1258 1638 πλώιμοι
1275 1588 1340 1629 καὶ
1357 1587 1536 1641 χρησταὶ
1548 1619 1570 1637 ,

295 1641 324 1682 fi
342 1641 468 1682 solum
482 1642 573 1683 illud
586 1644 626 1681 in
642 1641 956 1683 at1&orele&um
971 1640 1083 1689 effet;
1100 1653 1206 1681 nunc
1217 1653 1307 1682 cum
1322 1640 1461 1681 ιιίολλει
1471 1654 1568 1682 con·-

296 1695 470 1737 iundum
493 1696 584 1750 plus
593 1695 733 1750 aliquid
747 1705 856 1736 notat
868 1727 879 1744 ,
899 1695 1007 1750 quod
1024 1695 1123 1735 bene
1136 1695 1410 1748 interpretibus*
1419 1695 1564 1738 Latinis

295 1749 351 1790 est
375 1749 633 1790 observatum.
657 1748 728 1789 Ast
745 1762 853 1803 quae
867 1749 1096 1790 antecedunt
1116 1749 1319 1801 proxime,
1336 1744 1570 1801 δἰμάὗτοῖς,

295 1804 342 1844 ad
353 1816 402 1844 ea⁴
411 1816 528 1854 nemo
540 1804 644 1844 ullus
655 1804 807 1843 videtur
819 1803 987 1843 animum
1001 1802 1209 1843 attendisse:
1223 1801 1369 1843 senfiim
1381 1806 1487 1844 certe
1497 1815 1565 1857 ge·

295 1858 476 1904 nuinum‚
497 1858 526 1898 fi
545 1857 608 1898 vel
623 1870 758 1898 omnes
771 1857 960 1898 editiones
973 1855 1223 1905 consulueris,
1236 1854 1449 1910 exprefl'um
1461 1857 1567 1898 haud

295 1911 564 1965 deprehendes.
575 1911 774 1952 vertenda
790 1911 956 1951 omnino
972 1921 1106 1957 erunt,
1122 1925 1195 1950 una
1213 1925 1290 1951 cum
1301 1911 1407 1964 imis,
1425 1909 1565 1951 videli-

296 1974 361 2006 cet
370 1967 490 2006 nautis
504 1968 545 2008 &
558 1965 759 2016 claffiariis‚
806 1965 846 2005 ui
858 1977 939 2005 non
960 1964 1106 2013 minus,
1125 1976 1242 2018 quam
1259 1976 1380 2005 naves
1391 1995 1403 2014 ,
1421 1964 1567 2017 ἐνεργοὶ

295 2019 438 2060 κάλλει
454 2019 734 2074 praedicantur,
749 2029 785 2058 ta
801 2019 813 2058 i
826 2018 979 2072 quidem
993 2017 1322 2066 denominatione,
1338 2030 1441 2071 quae
1453 2017 1564 2058 forti-

295 2074 464 2114 tudinem
478 2073 589 2114 fimul
603 2073 644 2113 &
659 2071 794 2126 speciei
805 2071 1068 2125 praestantiam
1079 2070 1288 2124 fignificet’,
1303 2084 1394 2112 cum
1405 2071 1476 2125 ἔνερ
1509 2073 1566 2120 be,

295 2127 394 2167 inter
406 2128 480 2168 alia
490 2159 503 2176 ‚
523 2126 719 2179 epitheton
731 2138 890 2179 quoque
901 2124 947 2165 fit
958 2125 1089 2171 ducis,
1109 2125 1353 2176 imperatoris
1371 2137 1415 2166 ac
1435 2125 1486 2165 mi
1501 2126 1567 2166 'tis

295 2179 436 2221 strenui
447 2210 458 2227 ‚
476 2180 636 2221 testante
647 2180 752 2219 haud
762 2191 846 2220 uno
858 2180 948 2219 loco
958 2178 1035 2218 Iul.
1048 2177 1216 2218 Polluce.
1227 2177 1419 2219 GRAMM.

348 2237 422 2274 ead.
438 2236 461 2274 I.
480 2247 539 2286 15.
550 2234 706 2287 ’ἰσχυρὰ
717 2229 961 2284 ποιήσαντες)
973 2229 1360 2285 Ἰσχυροποιῆσαντες.

349 2291 423 2333 ead.
438 2289 461 2328 l.
478 2303 540 2338 24.
555 2285 829 2339 Ἀνεβάλοντο)
852 2283 982 2326 Deest.
1004 2284 1229 2325 Scholiastes
1247 2284 1364 2325 etiam
1385 2296 1471 2338 pag.
1484 2297 1564 2339 350

295 2341 506 2383 ἄπόιινησιν
520 2341 681 2393 exponit
693 2335 887 2385 ἀναβολήν.
903 2338 975 2379 Sed
988 2338 1074 2392 plus
1092 2337 1147 2378 est
1165 2337 1336 2378 ἀποκνεῖν
1346 2337 1388 2378 &
1401 2337 1563 2378 eoram-

295 2410 371 2446 σις,
384 2409 501 2449 quam
526 2394 817 2441 ἀναβάλλεσθαι
832 2394 875 2434 &
899 2390 1072 2438 ἀναβολή.
1096 2391 1142 2432 In
1156 2392 1266 2432 omni
1285 2389 1492 2433 ἀποκνήσει
1505 2391 1565 2433 est

293 2447 490 2498 ἀναβολή;
513 2447 578 2489 sed
602 2460 686 2488 non
709 2447 938 2502 quicunque
961 2443 1231 2494 ἀναβάλλεται
1251 2444 1420 2501 aliquam
1448 2458 1531 2488 tem
1543 2475 1565 2500 ⁸

570 2501 589 2510 Ν

292 2503 408 2545 etiam
428 2503 598 2545 ἀποκνει.
