1690 3120
263 205 294 254 8
560 202 1247 251 H.STEPHANI

261 292 392 341 cuiae,
408 289 472 333 ‘lm
488 288 529 343 ἶ,
543 291 640 340 five,
653 289 700 334 ἵν’
714 287 748 342 ἶ,
766 297 886 346 quem'
897 292 982 333 illae
998 294 1042 333 το
1057 291 1151 345 ἑξῆς·
1165 303 1208 334 ut
1219 305 1308 347 pag.
1325 291 1438 347 3081.
1462 292 1537 342 16:

260 345 306 388 ἵν’
327 341 363 398 ἷι,
385 347 451 386 καὶ
472 345 522 398 τῆ
542 346 581 387 ἐς
603 349 666 387 τον
688 345 746 387 νῦν
763 347 910 400 τρόπον.
924 347 1018 387 Uno
1034 358 1164 388 autem
1186 347 1224 386 in
1244 347 1334 388 loco
1352 347 1536 395 invenio,

261 399 445 455 (fortaffe
456 411 588 441 autem
601 400 642 442 &
654 400 697 440 in«
703 400 880 461 pluribus
897 400 1062 441 inveniri
1075 401 1248 456 poterit)
1258 413 1343 455 pag.
1358 402 1540 442 videlicet

267 454 380 506 5741.
398 468 447 494 22
458 484 469 502 ‚
486 453 549 494 ‘im
562 450 582 505 Ξῖ
596 456 640 495 το
657 452 752 507 ἓξης.
763 454 913 494 Verum
926 453 967 494 δι
981 454 1027 494 de
1038 454 1122 511 ¹²09„
1125 455 1342 496 monendus
1355 467 1415 504 es,
1427 468 1479 496 ex
1491 456 1540 496 iis

260 508 380 555 locis,
398 509 436 548 in
450 508 591 561 quibus
606 508 734 549 utitur
755 507 827 548 illis
845 507 999 549 voculis
1017 505 1079 549 ἰ’να
1100 511 1136 560 ᾗ,
1150 508 1363 550 nonnullos
1377 508 1451 550 effe
1462 539 1476 556 ,
1488 510 1539 550 in

262 562 406 615 quibus
426 574 509 602 non
527 561 607 616 ipsa
625 561 869 614 Thucydidis
889 562 1012 602 verba·
1029 562 1068 602 in
1083 562 1200 602 talem
1217 563 1415 610 ordinem,
1438 575 1540 618 qua-

261 616 340 656 lem
355 616 450 664 dixi,
471 615 650 663 reducta,
665 614 729 656 sed
742 629 880 656 eorum
896 614 1044 656 sensum
1058 614 1264 687 subiungit.
1279 616 1344 657 Sic
1359 631 1382 672 p
1433 648 1443 657 .
1461 617 1541 671 546

262 669 288 710 l.
304 684 366 719 14,
376 666 439 711 ἰ’να
451 663 695 721 ’ἧβείσαντες
708 668 774 710 τὴν
787 669 861 710 τῶν
873 668 1063 710 Ἀθηναίων
1073 669 1156 722 περὶ
1167 681 1306 724 Myous
1319 669 1399 713 ὃειν
1419 685 1538 712 τητα.

316 723 496 764 Invenies
509 723 551 764 δι
563 723 802 764 vocabu-lum
816 723 1000 775 σύνταξις
1018 724 1064 763 de
1078 722 1141 763 illa
1153 725 1368 765 verborum
1384 725 1540 765 ordina-

261 776 371 818 tione
389 777 553 819 dietum:
572 788 618 817 ut
631 790 717 831 pag.
737 791 814 831 314
834 777 859 818 1.
877 777 950 825 18,
964 778 1002 817 in
1017 777 1110 817 haec
1123 778 1270 827 verba,
1287 775 1307 820 ἦ
1324 780 1404 833 γὰρ
1417 783 1539 820 Λακε-

261 830 424 882 ὃαίμων,
441 831 482 871 ὃ(
499 832 540 871 in
561 844 629 879 ea,
646 843 749 883 quae
762 832 946 884 proxime,
955 830 1180 885 sequuntur,
1198 841 1387 882 annotat,
1412 829 1438 875 »3-
1455 831 1541 874 σύν·

262 884 394 937 ταξις,
411 881 431 926 ἧ
449 886 529 939 ’γὰρ
543 884 809 935 Λακεδαίμων,
827 885 890 926 ἐπὶ
907 884 1088 926 πλεῖστον
1103 880 1150 926 ὧν
1165 884 1276 936 ἰ’σμεν
1288 884 1422 939 χρόνον
1437 901 1540 927 στα-

262 939 442 979 σιάσασα
452 969 466 985 ,
482 940 551 992 προ
567 938 615 980 τῦ
618 953 635 979 ς
654 938 728 979 τῶν
740 939 893 992 Ἥρακλ.
907 939 982 980 &c.
999 938 1112 992 Quin
1125 940 1239 982 etiam
1264 939 1410 980 alicubi
1423 940 1515 981 dicit
1524 951 1543 988 ‚·

262 987 365 1043 ἰ’ναῖ
382 988 497 1033 οὕτως
515 990 534 1033 ἦ
559 991 754 1044 σύνταξις·
775 1003 820 1033 ut
842 1006 927 1046 pag.
946 1008 1018 1047 343
1038 993 1062 1033 1.
1079 1007 1141 1042 24.
1155 993 1216 1034 Ac
1234 992 1408 1034 similiter
1425 1004 1543 1044 utens

262 1045 392 1087 verbo
406 1046 642 1093 συντάττειν,
661 1047 754 1086 dicit
775 1047 921 1087 alicubi
937 1047 1014 1086 tale
1034 1047 1199 1087 verbum
1221 1048 1444 1088 συντακτέον
1456 1047 1542 1087 τού-

263 1114 332 1150 τῳ.
347 1099 454 1153 quod
469 1099 694 1150 diceremus,
707 1099 946 1154 lungendum
958 1099 1033 1140 effe
1045 1100 1096 1140 illi
1106 1131 1120 1148 ,
1138 1101 1204 1141 vel
1216 1100 1541 1142 Conneetendum

263 1167 359 1194 cum
372 1154 453 1194 illo.
463 1153 619 1194 Interim
634 1165 762 1194 tamen
773 1156 814 1195 &
827 1155 987 1195 alteram
1002 1154 1103 1195 illam
1120 1153 1438 1208 significationem
1452 1156 1542 1196 vul.

264 1220 396 1261 garem
424 1208 559 1248 tribuit
579 1208 780 1249 vocabulo
801 1208 991 1260 σύνταξις·
1013 1208 1054 1249 &
1077 1209 1236 1263 quidem
1253 1221 1337 1250 non
1362 1222 1474 1251 raro:
1495 1221 1540 1251 ut

263 1275 354 1302 cum
371 1261 462 1301 dicit
473 1261 626 1303 Ἀττικὴ
641 1259 660 1304 ἦ
677 1261 874 1315 σύνταξις.

319 1315 394 1356 Sed
414 1315 461 1355 ad
482 1316 649 1368 priorem
669 1315 776 1356 illum
797 1316 909 1358 vocis
923 1314 1104 1369 σύνταξις
1125 1315 1239 1357 usum
1259 1316 1369 1371 quod
1384 1316 1544 1367 attinet,

265 1368 445 1410 invenies
455 1370 570 1409 etiam
583 1371 622 1409 in
637 1370 806 1424 quodam
824 1370 935 1418 loco,
952 1369 1091 1424 (quem
1105 1370 1180 1411 effe
1194 1371 1352 1412 unicum
1367 1371 1484 1426 puto)
1496 1371 1541 1412 Ἡ

264 1423 424 1477 περιοχὴ
444 1421 512 1462 τοῦ
529 1423 651 1476 λόγου
664 1423 730 1464 καὶ
747 1421 767 1465 ἦ
791 1423 971 1476 σύνταξις
987 1422 1159 1466 τοιαύτη.
1180 1424 1218 1465 Is
1237 1435 1370 1466 autem
1387 1425 1442 1465 est
1452 1438 1541 1479 pag,

268 1477 361 1541 306,
376 1476 576 1528 Νεμὸμενοί
584 1491 628 1517 τε
640 1478 694 1517 τοι
706 1475 832 1518 αὑτῶν
848 1473 1027 1531 ἕκαστοι)
1045 1475 1069 1520 ἣ
1078 1477 1242 1546 περιοχὴ
1256 1477 1326 1519 τοῦ
1338 1478 1461 1532 λόγου
1475 1479 1546 1519 καὶ

265 1545 287 1572 n
312 1530 508 1583 σύνταξις,
524 1529 684 1573 τοιαύτη
696 1561 709 1578 ,
726 1531 924 1583 Νεμὸμενοι
945 1533 999 1571 τὰ.
1017 1531 1162 1573 ἑαυτῶν
1186 1530 1345 1573 ἕκαστοι
1360 1533 1436 1573 διε.
1459 1533 1542 1573 Ubi

264 1583 450 1637 περιοχὴν
463 1585 654 1638 appellare
666 1585 820 1626 videtur
834 1598 919 1625 eam
928 1584 1162 1625 sententiam
1173 1616 1184 1634 ,
1204 1599 1321 1639 quam
1335 1586 1459 1627 verba
1475 1586 1543 1627 illa

265 1638 512 1692 περιέχουσι,
531 1639 570 1678 id
597 1637 675 1686 est,
699 1638 1023 1693 complectuntur.
1043 1639 1154 1680 Illam
1177 1641 1282 1680 enim
1295 1653 1378 1681 non
1402 1640 1545 1682 dubito

265 1692 363 1745 quin
378 1692 571 1745 pluribus‘,
587 1706 703 1746 quam
719 1694 943 1740 habeamus,
957 1693 1087 1734 verbis
1102 1693 1336 1748 exposuerit,
1351 1694 1395 1734 &
1409 1694 1542 1748 aliqua

264 1745 306 1785 in
320 1757 429 1800 parte
450 1745 564 1786 huius
581 1747 659 1787 loci
680 1747 814 1794 aliam,
830 1761 948 1800 quam
964 1747 1010 1788 fit
1027 1747 1112 1795 hic,
1132 1747 1359 1801 scripturam
1371 1747 1541 1802 relique·

263 1799 327 1839 rit.
341 1799 418 1840 Vel
430 1799 490 1840 hic
505 1810 624 1849 certe,
640 1796 728 1841 065¹&
740 1799 812 1855 γῆν
823 1800 1060 1852 φυτεύοντες,
1071 1802 1179 1841 ἀλλὰ
1190 1803 1417 1855 σπείροντες,
1433 1814 1542 1842 men-

264 1851 398 1893 dosam
412 1852 487 1894 effe
498 1853 727 1907 scripturam
741 1853 979 1895 manifestum
993 1854 1058 1896 est.
1071 1855 1257 1896 Ceterum
1275 1854 1460 1909 περιοχὴν
1471 1854 1542 1897 τῆς

264 1905 412 1960 γραφῆς
427 1907 551 1948 Lucas
561 1908 600 1947 in
612 1908 719 1948 Actis
731 1909 869 1949 eodem
882 1909 1037 1963 quidem
1054 1910 1175 1950 modo
1191 1909 1283 1949 dixit
1295 1910 1347 1950 de
1356 1918 1464 1949 certo
1478 1909 1541 1949 lo-

264 1973 316 2001 co
333 1960 375 2001 δι
396 1962 510 2002 certis
520 1961 747 2015 quibusdam
763 1962 913 2010 verbis,
931 1961 1051 2016 iisque
1073 1963 1174 2003 haud
1189 1962 1338 2009 multis,
1357 1975 1540 2017 compre-

264 2013 406 2055 henso:
429 2013 491 2056 sed
505 2027 586 2055 non
605 2015 652 2056 de
668 2016 797 2056 verbis
818 2017 866 2055 ad
886 2017 1159 2068 exponendum
1177 2029 1268 2056 eum
1288 2016 1462 2057 adhibitis
1479 2017 1542 2058 lo-v

295 2080 411 2118 uens,
429 2081 568 2109 verum
585 2069 632 2109 de
645 2068 717 2110 illis
737 2069 851 2123 ipfis,
867 2070 1011 2122 quibus
1027 2084 1049 2110 a
1066 2069 1137 2115 suo
1155 2070 1319 2110 auctore
1337 2069 1395 2124 (fi
1417 2071 1540 2111 modo

265 2082 419 2163 graeca
431 2122 698 2175 interpretatio
710 2123 798 2164 satis
813 2123 973 2164 fideliter
985 2137 1031 2164 ea
1047 2122 1332 2178 repraesentare
1345 2124 1469 2179 potest
1481 2125 1541 2165 di-

266 2175 330 2230 ci)
343 2174 504 2228 scriptus
512 2175 576 2216 est.

331 2229 527 2270 Pertinent
548 2229 595 2269 ad
617 2229 720 2270 hunc
739 2228 954 2271 sermonem
973 2231 1015 2271 δι
1035 2244 1155 2272 voces
1168 2229 1280 2279 istae,
1303 2230 1374 2272 διὰ.
1392 2231 1540 2282 μέσον,

265 2295 370 2336 quae
380 2282 601 2337 frequenter
611 2294 838 2324 occurrunt.
851 2284 1071 2337 Significant
1083 2285 1184 2325 enim
1196 2315 1208 2334 ‚
1224 2285 1332 2339 quod
1347 2285 1471 2339 vulgo
1483 2286 1539 2326 di·-

266 2337 390 2378 cimus
398 2352 460 2391 per
467 2340 676 2390 parenthesin
687 2352 699 2376 .·
717 2338 883 2391 ideoque
901 2338 972 2378 illis
985 2339 1122 2384 utitur,
1135 2352 1224 2379 cum
1241 2339 1370 2392 aliqua
1391 2339 1541 2380 interii-

267 2391 440 2438 ciuntur,
457 2403 559 2444 quae
573 2392 785 2432 verborum
799 2392 971 2432 ordinem
986 2393 1092 2433 velut
1103 2393 1354 2452 perturbant,
1372 2392 1414 2432 δι
1427 2394 1473 2433 de
1494 2392 1540 2432 il-

268 2444 314 2484 lis
325 2443 508 2486 leEtorem
520 2445 606 2485 vult
618 2444 972 2492 commonefacere,
989 2458 1037 2486 ne
1051 2447 1173 2500 ipium
1189 2446 1346 2487 turbent
1364 2459 1410 2487 ea
1421 2477 1432 2495 ,
1451 2447 1540 2500 qui—

268 2498 343 2540 bus
355 2497 434 2554 (uti
446 2498 541 2555 dixi)
556 2499 654 2541 ordo
665 2499 726 2542 ille
742 2499 847 2544 velut
866 2500 1125 2556 perturbatur.
1139 2499 1327 2543 Ceterum
1339 2500 1438 2543 duae
1451 2500 1540 2543 illae
