1690 3120
5 2599 7 2601 ·
17 2588 21 2611 V

776 60 809 72 0

337 229 423 276 IN
468 226 843 278 SCHOLIA
890 225 1226 274 GRAECA.
1330 230 1418 295 163

111 367 114 371 .
146 316 626 360 fism'VitusW‘msemius:
644 315 957 369 conditionibusque
964 314 1111 368 acceptis
1119 314 1308 369 quiescunt,
1320 314 1425 369 (Pla-

145 371 318 414 taeensee
334 373 408 412 viri
429 371 589 425 nempe)
608 370 801 425 praesertim
816 385 892 409 cum
905 370 1074 416 viderent,
1095 385 1152 409 eos
1171 369 1425 424 (Thebanos)

146 427 235 467 nihil
246 427 330 466 novi
340 427 376 464 in
385 441 585 479 quemquam
595 425 718 464 mofiri.
729 423 906 465 Gallicus
919 436 1001 464 non
1012 425 1143 463 minus
1157 423 1256 464 bene
1268 435 1279 464 Ζ
1295 435 1426 478 neque

147 481 253 521 enim
265 480 434 534 ambigui
446 480 662 533 quidquam
673 478 794 519 verba
804 477 975 518 anaoris
987 477 1199 518 continent.
1212 476 1244 517 F
1244 489 1332 518 orte
1342 491 1426 519 me·

147 534 297 575 moriae
319 534 395 574 hoc
408 533 552 573 vitium
565 531 636 573 fuit
650 532 691 572 in
705 531 833 573 Schol.
846 543 914 572 aut
927 531 1073 572 librarii
1083 529 1246 572 alicuius
1258 530 1426 572 oscitan-

147 589 201 629 tia
213 618 227 635 ‚
242 588 311 641 qui
323 585 520 641 scripfiffet
532 585 671 627 reffius
681 617 691 634 ‚
704 585 735 626 oi
745 586 902 632 Θηβαῖοι
916 583 1102 626 θηλονότι.
1115 584 1311 626 GRAMM.
1321 586 1426 628 Vide

147 652 334 682 annotata
348 643 397 681 ad
411 641 686 693 Thucydidem
700 640 759 687 11,
780 654 816 694 3.
835 638 942 680 Idem
955 651 1067 680 error
1078 637 1135 679 est
1149 652 1236 702 pag.
1253 653 1326 694 37¹
1342 640 1368 681 l.
1386 654 1425 696 ς,

147 696 216 738 ubi
229 696 469 748 φοβερώτεροι
491 695 654 748 exponit
663 694 696 734 οἱ
709 694 906 743 Ἀθηναῖοι,
917 706 993 748 pro
1004 692 1036 733 οἱ
1046 694 1217 739 enectine.

203 751 317 790 eadfl.
338 765 398 804 34.
420 752 530 788 Μετὰ
544 749 677 799 βάρους
689 746 907 788 ἐπελθόντες
920 746 1001 788 τοῖς
1017 746 1215 801 Θηβαίοις)
1229 747 1341 788 Haec
1356 747 1427 788 ab·

148 803 236 845 sunt
256 817 278 844 a
288 803 387 844 Caff.
400 804 442 844 δι
455 802 651 856 sequentia
661 832 676 848 ,
694 801 846 842 Ἀττικὺ
863 798 883 843 »i
897 801 1055 857 officie,
1076 800 1221 841 reffius
1234 802 1274 840 in
1284 801 1425 843 eodem

150 858 418 899 adscribuntur
433 858 481 897 ad
496 857 615 897 verba
634 853 672 895 οὗ
691 856 905 907 βουλομένῳ
916 856 969 896 ἣν.
996 854 1070 895 Sed
1082 858 1190 909 quod
1202 855 1304 896 hanc
1319 856 1427 896 Atti·

150 925 238 953 cam
254 911 404 965 phrasin
419 910 494 952 effe
506 911 594 952 dicit
605 940 619 957 ,
631 921 712 950 non
722 909 861 963 probat
874 909 939 949 Ste
969 908 1103 949 banus.
1120 909 1212 949 vide
1224 910 1272 949 ad
1283 923 1321 964 p.
1331 909 1424 960 480.

206 967 296 1018 Pag.
313 980 402 1020 371.
414 966 439 1005 l.
454 979 490 1004 2.
500 960 575 1005 Ἵνα.
583 963 638 1015 μὺ
654 964 689 1004 ἐν
702 962 790 1003 ταῖς
805 962 939 1003 οἰκίαις
975 963 1025 1002 Et
1042 962 1225 1004 mendose
1238 962 1425 1018 scriptum

150 1018 228 1060 effe
237 1050 249 1068 ‚
273 1020 315 1060 δι
330 1019 406 1060 alio
416 1050 428 1068 ,
482 1032 569 1059 uam
590 1017 667 1058 huc
678 1048 691 1067 ,
715 1017 906 1071 pertinere
930 1015 1028 1057 istud
1048 1016 1235 1058 scholium
1256 1019 1428 1060 videtur.

151 1073 308 1114 snm.
323 1074 443 1114 Forta
517 1070 833 1124 coniungendum
850 1069 1004 1112 estcum
1021 1073 1276 1126 praecedenti,
1289 1073 1328 1112 in
1341 1085 1428 1128 quo

151 1126 271 1168 einai-”r
283 1127 411 1167 malim
422 1157 437 1174 ,
447 1140 564 1181 quam
581 1125 782 1165 οἰκούντων.
803 1125 880 1165 Pro
891 1125 996 1176 μόνοι
1008 1124 1047 1165 in
1059 1124 1158 1166 Caff.
1169 1125 1225 1166 est
1232 1126 1355 1177 μόνον.

207 1183 282 1222 ead.
294 1182 318 1221 l.
328 1195 366 1231 7.
380 1183 474 1221 Καθο
489 1179 606 1234 ἑνόμ.)
626 1179 752 1233 Quod
766 1179 906 1220 dicitur
919 1179 960 1218 in
975 1179 1051 1220 hoc
1066 1178 1213 1221 scholio
1222 1211 1235 1229 ,
1253 1193 1342 1221 cum
1355 1181 1403 1222 iis
1412 1211 1428 1231 ,

154 1248 257 1290 quae
268 1234 321 1275 ini
334 1234 506 1289 praefixa
519 1234 627 1281 sunt,
637 1234 877 1287 Thucydidis
887 1233 1017 1274 verbis
1028 1234 1120 1274 nihil
1133 1246 1348 1275 commune
1359 1236 1429 1276 ha·

153 1289 240 1330 bet:
259 1300 395 1330 contra
412 1301 542 1330 autem
557 1289 703 1341 optime
717 1287 903 1328 convenit
916 1300 1008 1328 cum
1020 1285 1118 1337 istis,
1141 1287 1171 1329 οἱ
1190 1288 1229 1329 5⁹
1247 1283 1297 1329 ὧς
1309 1288 1428 1343 ἔγνω.

154 1358 227 1384 σοιν
238 1343 526 1396 ἐξηπατημένοι.
546 1343 647 1382 ratio
662 1343 764 1382 enim
783 1341 861 1382 illic
872 1342 1041 1381 redditur
1052 1342 1135 1382 eius
1144 1372 1157 1391 ‚
1169 1343 1278 1396 quod
1295 1343 1357 1384 hic
1371 1344 1428 1385 di-

86 1436 99 1449 ,
156 1397 268 1438 citur.
288 1397 361 1438 Sed
374 1411 538 1452 πρόσχω
558 1396 646 1437 im
666 1397 705 1436 in
720 1393 1003 1449 προσχωρῆσειν
1015 1407 1140 1436 muto.
1163 1396 1321 1437 SrrEPn.

208 1453 283 1492 ead.
306 1453 330 1491 l.
351 1465 414 1491 11.
436 1451 518 1491 ’Ast'
547 1450 679 1504 οιιιτοι)
698 1450 951 1502 Ἀτειρότεροι.
973 1450 1016 1490 ln
1039 1450 1180 1491 chartis
1199 1450 1336 1505 Rostg.
1351 1451 1430 1494 hoc

155 1503 403 1599 ἰιιέἔὲἰρωπι
415 1517 520 1552 erat,
533 1504 640 1559 quasi
652 1505 751 1558 Reg.
764 1505 804 1544 in
819 1515 928 1545 textu
937 1503 1180 1558 Thucydidis
1192 1518 1268 1560 pro
1279 1507 1431 1562 ἄπειροι

285 1570 299 1598 t
314 1560 407 1599 ἄπει
432 1559 492 1598 ’τε
529 1574 555 1599 ι.

208 1614 284 1653 ead.
296 1613 322 1652 l.
338 1626 356 1652 ι
367 1625 399 1665 3.
409 1575 601 1663 Ρέινόειοενος
613 1605 652 1653 ἦν
667 1611 684 1651 ὃ
697 1627 745 1652 τ.
763 1610 960 1663 φθινούσης
973 1609 1148 1667 oemunt)
1161 1611 1316 1654 Desunt
1324 1612 1429 1656 Caff.

208 1668 284 1706 ead.
297 1667 322 1706 l.
341 1680 402 1716 17.
415 1668 463 1704 To
476 1666 704 1717 βαλλόμενον
716 1666 770 1706 εὶς
781 1669 846 1706 ‘thr
853 1666 1023 1720 μοχλὸν)
1037 1666 1180 1706 Eadem
1192 1667 1377 1721 leguntur
1387 1670 1433 1709 in

157 1718 369 1761 Scholiaste
380 1719 649 1774 Aristophanis
660 1720 708 1760 ad
722 1718 807 1760 Ves
802 1734 838 1774 p.
853 1733 895 1760 v.
914 1733 928 1758 ι
941 1734 958 1772 5
968 1733 1002 1772 ς,
1016 1720 1058 1759 δι
1070 1720 1186 1761 Suida
1200 1722 1239 1761 in
1249 1722 1431 1770 βέιλοινοε,

158 1773 227 1814 nisi
245 1774 352 1828 quod
375 1773 415 1813 in
431 1774 510 1821 his,
528 1784 570 1814 ut
585 1774 627 1814 &
641 1775 701 1814 hic
713 1773 753 1813 in
768 1772 869 1814 Caff.
885 1785 965 1813 non
981 1773 1036 1813 est
1055 1775 1296 1825 βιλλόμενον·
1318 1777 1431 1831 quod

158 1837 289 1869 tamen
308 1840 389 1868 non
410 1829 655 1869 reiiciendum
675 1839 820 1881 putem.
844 1827 1122 1880 Aristophanes
1142 1828 1258 1883 Vesp.
1271 1843 1312 1871 v.
1329 1842 1430 1872 200:

159 1882 233 1923 Ka}
249 1882 318 1923 τὴν
327 1883 491 1928 βάλανον
506 1882 677 1934 ἔμβαλλε
692 1885 812 1921 πάλιν
826 1882 879 1920 εὶς
893 1884 955 1920 τον
969 1881 1136 1933 μοχλόν.

213 1939 287 1976 ead.
299 1936 323 1975 Ι.
345 1949 405 1988 19.
427 1935 581 1975 Εἰκότως
592 1935 638 1975 δὲ
654 1935 750 1988 διε.)
777 1934 852 1975 Vel
864 1933 1043 1975 omiffum
1058 1935 1114 1975 est
1127 1936 1292 1977 verbum
1307 1938 1429 1989 φησὶ,

163 1988 246 2031 five
258 1993 379 2042 λέγει,
393 1989 455 2050 (με
474 1989 682 2035 scribatur,
703 1989 854 2029 εἰκότως
867 1987 913 2028 δε
936 2002 1030 2040 φησι
1043 1989 1197 2030 ταύτης
1209 1995 1285 2031 τὰς
1300 1993 1432 2034 ττὺλοιε

161 2039 281 2084 οὕτως
297 2043 533 2098 busana-3021)
547 2056 614 2083 aut
626 2054 731 2084 certe
744 2056 825 2083 non
839 2042 992 2083 εἰκότως
1004 2043 1067 2090 s'e,
1078 2044 1141 2084 sed
1152 2044 1247 2084 εἰκὸς
1265 2044 1328 2093 Σὺ,
1338 2045 1432 2087 scri-

158 2108 270 2152 ptum
281 2096 365 2138 fuit.
386 2097 508 2138 Paulo
522 2097 606 2151 post
619 2109 749 2138 autem
769 2097 969 2151 participio
983 2097 1204 2149 ἐλπιζόντων
1218 2098 1434 2154 improprie

164 2152 287 2193 utitur
301 2164 375 2214 pro
391 2152 638 2204 φοβουμένων·
662 2151 724 2191 sed
741 2164 831 2191 eum
845 2150 902 2190 sui
919 2152 1115 2204 scriptoris
1129 2153 1312 2206 exemplo
1331 2158 1435 2199 (non

161 2204 227 2245 hic
246 2206 421 2259 quidem,
442 2204 504 2245 sed
519 2206 600 2246 aliis
621 2205 843 2260 quibusdam
864 2206 903 2244 in
918 2205 1042 2258 locis)
1065 2206 1119 2245 ita
1136 2206 1269 2260 loqui,
1293 2207 1434 2262 aliquis

162 2258 230 2301 res
277 2259 417 2300 ndebit.
434 2260 535 2299 Nam
551 2261 593 2301 δι
611 2274 646 2314 p.
663 2272 741 2314 374
754 2259 918 2311 ἐλπίζειν
938 2260 1086 2312 exponi
1099 2260 1147 2299 ab
1160 2273 1211 2300 eo
1225 2261 1434 2313 φοβεῖσθαι

164 2313 208 2353 vi
255 2326 352 2353 mus.
371 2314 522 2354 Sum.
536 2314 664 2354 Ἐλπὶς
677 2318 716 2354 oc
737 2314 883 2365 ἐλπίζω
903 2325 983 2353 non
1005 2311 1130 2353 solum
1152 2317 1253 2368 apud
1268 2316 1436 2370 Thucy·

166 2366 311 2459 ‘metii’
317 2365 394 2460 b{Led
406 2366 530 2421 vulgo
543 2368 646 2423 apud
659 2367 865 2422 scriptores
884 2367 1062 2408 Graecos
1075 2369 1175 2408 hanc
1187 2368 1435 2423 fignificatio-

168 2432 257 2460 nem
295 2433 317 2460 a
367 2431 421 2461 nt.

223 2475 296 2513 ead.
307 2473 332 2513 l.
343 2474 596 2528 29..”Ελοιβον)
607 2474 743 2515 Verbo
760 2474 896 2522 ἔλαβον
912 2487 1002 2515 eum
1015 2475 1080 2515 dat
1090 2475 1224 2526 usum,
1237 2490 1355 2531 quem
1367 2478 1435 2518 ali·

171 2524 213 2567 bi
227 2525 280 2576 τῷ
292 2525 482 2582 edifficare*
495 2529 619 2584 qualis
632 2528 687 2570 est
701 2530 812 2572 verbi
823 2530 989 2583 accipere,
1006 2529 1138 2625 (quoii
1149 2531 1291 2572 scimus
1307 2533 1346 2572 in
1359 2533 1437 2587 pri-

1166 2598 1189 2624 2
