1690 3120
317 232 377 279 26
615 228 1295 276 H.STEPHANI

365 314 500 355 Verba
514 314 632 362 haec,
651 310 700 355 ὣς
722 314 863 355 κατιών
880 328 974 367 φησι
990 314 1148 368 (quibus
1169 328 1237 369 per
1252 315 1498 370 parenthefin
1507 315 1585 358 uti»

313 380 379 409 tur
393 383 480 423 pag.
501 370 614 421 3221.
633 370 702 423 35)
717 368 949 423 significant,
964 370 1053 408 utin
1063 369 1279 423 sequentibus
1294 371 1387 411 dicit.
1404 371 1508 412 Cum
1523 382 1586 411 ta·

313 435 407 463 men
419 422 586 463 verbum
607 423 774 464 κατιέναι
793 422 839 463 fit
858 422 1104 470 descendere,
1119 421 1257 463 sonant
1279 425 1408 477 potius
1427 434 1473 465 ut
1489 425 1586 478 infra

314 477 417 517 fficit:
432 476 450 531 (
463 476 571 530 quasi
584 477 670 531 quis
682 477 783 518 dicat
792 507 807 524 ,
824 489 867 518 ut
879 476 1075 530 descendens
1088 477 1139 517 ait
1150 507 1165 524 ‚
1182 478 1269 527 vel,
1286 478 1324 517 in
1347 477 1524 532 descensu)
1541 490 1588 519 ut

314 532 359 571 in
375 543 527 579 eorum,
539 543 639 585 quae
652 532 897 584 praecedunt,
909 531 1106 572 mentione
1119 531 1193 572 dici
1206 530 1317 580 solet,
1331 526 1379 572 ὧς
1389 532 1462 574 ἄνω
1474 534 1588 584 φησὶ,

315 585 407 634 vel,
426 582 475 625 ὧς
491 585 656 639 ἀνωτέρω
675 585 785 636 φησὶ,
793 585 886 679 (gant
899 585 1027 639 λέγει)
1046 585 1111 625 vel
1124 585 1212 635 ἔφη,
1226 595 1294 626 aut
1306 584 1432 639 ἔλεξε,
1452 587 1490 626 id
1512 585 1589 636 est,

318 651 358 678 ut
366 639 478 694 supra
490 638 586 688 dicit,
600 638 666 679 vel
677 639 778 679 dixit.
830 650 978 679 ererum
990 651 1064 692 pro
1078 638 1146 679 illo
1159 639 1295 679 κατιὼν
1305 652 1589 694 nonnunquam

319 693 399 734 alio
421 693 652 747 participio,
668 692 845 734 videlicet
862 691 1013 747 προῖὼν,
1025 703 1176 733 utentes
1187 723 1200 742 ,
1217 694 1369 743 dicunt,
1387 690 1436 735 ὦς
1456 696 1590 748 προϊών

318 760 431 799 φησι.
444 748 503 801 lta
518 760 603 801 pag.
622 746 736 801 3601.
752 747 817 796 26,
829 746 896 787 καὶ
908 746 1039 800 προϊὼν
1051 747 1201 800 εἴρηκεν,
1215 747 1253 787 id
1269 746 1348 795 est,
1360 749 1591 803 progreffins,

319 801 386 841 vel
411 803 551 842 alterins
571 815 719 855 pergens.
744 801 862 848 Sunt,
880 802 948 855 qui
969 802 1006 841 in
1026 801 1200 854 progreſj‘u
1220 801 1292 842 hac
1313 802 1360 842 de
1382 815 1425 842 re
1446 803 1588 846 dicant.

320 856 447 909 Magis
461 855 608 909 alioqui
619 854 800 895 ufitatum
813 854 867 896 est
877 855 1130 909 insequentibus
1139 871 1152 895 :
1169 856 1278 909 quod
1287 854 1490 909 respondet
1501 857 1592 897 huic

320 909 504 963 loquendi
519 909 670 963 generi,
686 910 721 949 ἐν
734 909 814 949 τοῖς
831 908 925 962 ἑξῆς.
1524 941 1526 944 .

375 964 527 1018 Scripta
539 963 603 1004 seu
617 973 770 1003 narrata
782 966 887 1002 κατὰ
900 962 1091 1016 θιέξοὲον,
1104 962 1190 1003 sunt
1203 976 1272 1010 ea,
1288 975 1389 1017 quae
1403 961 1596 1004 fusescri-

323 1028 389 1073 pta
403 1017 489 1058 sunt
499 1048 514 1064 ,
530 1018 571 1058 δι
585 1030 666 1057 non
679 1016 750 1057 ἕνα
763 1018 948 1071 βραχέων·
968 1028 1013 1058 ut
1028 1030 1113 1070 pag.
1131 1031 1206 1071 337
1220 1017 1244 1057 l.
1265 1031 1312 1071 32
1322 1048 1336 1066 ,
1347 1015 1482 1058 ταῦτα
1494 1018 1597 1058 οταν-

323 1087 381 1112 τοι
394 1074 487 1124 παρ’
503 1071 684 1125 Ἤροὲὂτῳ
702 1071 827 1111 κεῖται
844 1074 950 1111 κατὰ,
964 1070 1145 1123 «Γιέξοὸον.
1161 1071 1223 1111 Sic
1239 1072 1356 1111 etiam
1370 1083 1457 1125 pag.
1475 1085 1547 1126 3¹3
1568 1070 1597 1112 l.

328 1141 366 1173 1,
381 1122 400 1168 ᾖ
416 1126 460 1166 s‘e
475 1125 620 1179 ἱστορία
632 1125 757 1165 κεῖται
772 1128 879 1165 κατὰ
894 1124 1066 1178 ἓιέξοὸον
1080 1125 1172 1177 παρ’
1188 1124 1378 1179 Ἦροὲὂτῳ.
1396 1125 1493 1165 Item
1506 1137 1597 1180 pag.

325 1194 401 1231 401
418 1180 443 1220 l.
457 1193 521 1227 20,
535 1179 646 1219 τοῦτο
655 1179 843 1232 Ἦρὸέοτος
853 1179 888 1219 ἐν
898 1179 948 1230 τᾷ
962 1179 1092 1229 ἑννέιτῃ
1108 1179 1362 1233 ἱστορεῖκατδι
1371 1178 1555 1232 Σιέξοέον.

380 1234 459 1274 Ubi
471 1234 642 1288 aliquam
656 1234 916 1275 obieffionem
934 1232 1248 1287 quaestionemve
1262 1234 1468 1286 proponit,
1484 1233 1599 1286 (nam

326 1288 368 1328 &
380 1289 456 1328 hoc
471 1287 520 1328 ab
533 1301 585 1328 eo
596 1286 640 1327 fit
653 1287 755 1328 haud
766 1287 1022 1380 negligente?
1034 1300 1115 1327 non
1125 1286 1250 1327 solum
1266 1287 1388 1327 utitur
1401 1287 1599 1340 particulis

329 1342 396 1383 καὶ
414 1342 505 1393 μὴν,
521 1342 563 1381 δι
581 1342 732 1388 καίτοι,
750 1355 914 1395 quarum
939 1355 991 1395 po
1023 1354 1070 1381 ea
1089 1340 1156 1381 fiet
1178 1354 1201 1381 a
1219 1341 1332 1381 nobis
1351 1341 1522 1388 mentio,
1535 1340 1600 1381 sed

327 1409 608 1449 nonnunquam
628 1396 947 1449 interrogativam
960 1396 1185 1449 particulam
1200 1395 1291 1436 huic
1304 1394 1473 1435 sermoni
1490 1396 1600 1436 adhi-

327 1451 410 1491 bet:
435 1460 480 1490 ut
493 1463 579 1504 pag.
597 1462 672 1511 3ος
689 1449 712 1489 l.
736 1463 786 1490 20
796 1482 810 1498 ‚
821 1448 905 1490 πῶς
924 1448 1087 1502 ἤκμαζον
1097 1449 1295 1502 ἀμφότεροι
1308 1448 1535 1502 παρασκευῇ
1548 1447 1600 1500 τῇ

328 1504 435 1554 πάσῃ
449 1505 538 1558 ἐἴγε
553 1517 630 1543 τοις
645 1503 952 1546 Πελοποννησίοις
966 1503 1178 1558 χρημάτων
1193 1502 1311 1543 {vesta
1325 1516 1338 1551 3
1359 1502 1515 1543 Alicubi
1528 1515 1601 1543 ve-

328 1572 376 1599 ro
390 1559 502 1605 dicit,
519 1556 696 1610 ἑζίιτιιται
711 1557 807 1598 πῶς·
819 1568 865 1598 ut
876 1571 962 1612 pag.
981 1571 1056 1612 554
1070 1558 1094 1597 l.
1111 1572 1179 1607 14,
1196 1557 1378 1608 ἐζήτηται
1388 1556 1470 1596 πῶς
1483 1563 1602 1596 Δεκε-

330 1613 434 1654 λείας
448 1611 776 1667 ἑπιτειχιζομένης
789 1610 946 1667 ὲμεᾰλον
971 1611 1086 1668 οὶΝἈΘ.
1109 1611 1190 1651 &c.
1209 1610 1289 1650 Cui
1306 1610 1519 1651 obieekioni
1540 1623 1602 1651 re-

328 1666 518 1721 spondens
538 1665 683 1715 scribit,
703 1666 832 1718 φαμὲν
851 1667 909 1706 οὐν
926 1663 975 1707 ὦς
993 1668 1030 1707 ἦν
1047 1680 1107 1706 τις
1128 1680 1192 1717 ore.
1217 1664 1294 1706 &c.
1314 1665 1370 1704 At
1394 1677 1494 1705 vero
1512 1678 1599 1719 pag.

334 1736 408 1788 333
426 1721 546 1761 utitur
558 1720 758 1761 vocabulo
772 1717 920 1774 ἄπορον.
935 1721 1035 1760 Nam
1058 1720 1084 1759 l.
1106 1734 1128 1759 2
1138 1734 1152 1758 1
1171 1719 1352 1771 legimus,
1368 1719 1502 1772 ἄπορον
1518 1719 1602 1759 ’πῶς

330 1792 347 1814 ο
363 1774 520 1829 Φορμίων
533 1776 577 1814 τὶ
591 1776 684 1827 πρὶς
700 1774 750 1825 τ’,ἦ
762 1779 892 1814 Παλλ.
909 1775 986 1814 &c-
1005 1785 1125 1827 atque
1139 1773 1236 1813 hanc
1252 1772 1410 1827 ἀπορίαν
1422 1771 1603 1820 solvens,

331 1830 452 1877 addit,
470 1828 538 1868 καὶ
552 1827 680 1880 φαμὲν
699 1827 761 1868 ὅτι
771 1830 815 1867 τὶ
832 1830 923 1881 πρὶς
939 1827 988 1878 τῇ
1004 1832 1133 1867 Παλλ.
1151 1828 1230 1868 &c.

386 1883 541 1923 Alicubi
562 1894 690 1923 autem
712 1881 896 1929 ostendit,
918 1882 1125 1935 quomodo
1141 1880 1395 1932 Thucydides
1413 1880 1605 1920 0ὺίεᾶἱο-

332 1949 436 1983 nem,
456 1950 556 1991 quae
570 1948 678 1976 mota
689 1935 832 1986 fuiffet,
843 1936 1113 1977 anteverterit:
1127 1945 1175 1975 ut
1187 1947 1273 1990 pag.
1289 1935 1366 1983 466
1380 1933 1404 1974 L
1422 1948 1488 1981 22,
1503 1935 1606 1979 ἐπει.

333 1991 384 2032 ὃὴ
400 1987 484 2031 εἶπε
504 1992 553 2029 τὶ)-
569 1990 671 2031 πολὺ
693 1989 764 2030 τὴς
781 1993 928 2038 vum-⁴⁰5,
938 1987 1002 2030 ἵνα
1017 1987 1070 2041 μή
1084 2003 1145 2029 τις
1166 2004 1251 2039 emp
1262 2019 1276 2035 ,
1295 1986 1419 2028 καίτοι
1436 1989 1470 2028 ἐν
1489 1986 1606 2041 ἡμέρα

335 2043 471 2085 ταῦτα
490 2044 660 2099 ἐγένετο,
680 2043 795 2097 λέγει
818 2044 853 2084 ἑν
875 2043 931 2093 τῷ
946 2044 1074 2094 μέσῳ,
1095 2042 1299 2095 ἐπεγένετο
1320 2044 1401 2094 γᾶς
1423 2040 1502 2094 νύξ.
1524 2044 1606 2084 Ubi

334 2099 500 2139 observa
511 2129 527 2147 ,
542 2097 764 2152 particulam
787 2097 851 2137 vel
868 2099 997 2151 potius
1014 2097 1220 2150 particulas
1241 2094 1365 2136 καίτοι
1390 2108 1480 2135 eum
1494 2097 1607 2137 usum

333 2153 497 2202 habere,
513 2165 633 2204 quem
651 2151 730 2191 dari
744 2151 793 2191 ab
811 2151 876 2191 illo
890 2152 1046 2191 voculis
1059 2150 1124 2190 καὶ
1137 2150 1225 2202 μὴν,
1242 2147 1376 2204 postea
1390 2150 1608 2191 ostendam:

335 2206 373 2247 id
387 2205 457 2252 est,
466 2205 603 2246 eodem
617 2204 876 2245 adversativas
887 2204 962 2245 ess'e
973 2205 1106 2252 modo,
1115 2217 1199 2257 quo
1209 2203 1311 2257 apud
1324 2203 1485 2244 Latinos
1498 2206 1610 2259 atqui.

335 2260 425 2314 (At
442 2272 542 2300 vero
563 2259 598 2301 ἐν
614 2259 720 2310 μέσῳ
743 2259 962 2299 memineris
982 2258 1215 2312 significare,
1242 2257 1350 2310 quod
1369 2258 1531 2299 dicimus
1547 2275 1609 2312 per

332 2315 569 2370 parenthesin:
587 2327 666 2367 qua
681 2314 728 2353 de
741 2312 1020 2367 significatione
1031 2312 1174 2352 dissum
1190 2322 1212 2351 a
1226 2324 1288 2351 me
1302 2321 1417 2351 antea
1432 2310 1538 2365 fuit.)

393 2367 468 2409 Sed
481 2367 522 2408 δι
535 2368 684 2408 duabus
696 2367 769 2407 illis
783 2367 936 2408 voculis
951 2367 1017 2406 καὶ
1029 2366 1102 2417 μὴν
1117 2366 1234 2419 (quae
1249 2365 1346 2405 inter
1362 2366 1611 2407 coniunctio-

340 2434 409 2462 nes
422 2432 691 2468 numerantur,
705 2421 747 2461 &
759 2419 916 2469 sonant,
931 2420 1038 2474 quod
1056 2420 1178 2460 Latini
1196 2420 1326 2460 dicunt
1344 2418 1466 2473 atqm')
1486 2421 1610 2461 utitur

372 2474 570 2517 uibusdam
588 2477 627 2515 in
646 2475 767 2522 locis,
785 2475 853 2516 ubi
870 2473 1148 2523 obieffionem‚
1166 2487 1268 2527 quae
1289 2470 1449 2513 affertur
1469 2484 1535 2513 aut
1554 2473 1612 2514 af-

340 2490 431 2572 ἐπὶ
454 2529 579 2585 potest
599 2527 800 2574 adversum
820 2541 910 2576 e05‚
931 2528 1127 2584 proponit.
1145 2526 1244 2583 Qua
1257 2536 1362 2569 certe
1385 2527 1428 2567 in
1446 2540 1511 2578 re,
1529 2540 1611 2570 non
