<?xml version="1.0" encoding="UTF-8"?>
<!DOCTYPE html PUBLIC "-//W3C//DTD XHTML 1.0 Transitional//EN"
    "http://www.w3.org/TR/xhtml1/DTD/xhtml1-transitional.dtd">
<html xmlns="http://www.w3.org/1999/xhtml" xml:lang="en" lang="en">
 <head>
  <title>
</title>
<meta http-equiv="Content-Type" content="text/html;charset=utf-8" />
  <meta name='ocr-system' content='tesseract 3.04.00' />
  <meta name='ocr-capabilities' content='ocr_page ocr_carea ocr_par ocr_line ocrx_word'/>
</head>
<body>
  <div class='ocr_page' id='page_1' title='image "./debellopeloponn06thucuoft_0038.png"; bbox 0 0 1690 3120; ppageno 0'>
   <div class='ocr_carea' id='block_1_1' title="bbox 295 198 1278 265">
    <p class='ocr_par' dir='ltr' id='par_1_1' title="bbox 295 198 1278 265">
     <span class='ocr_line' id='line_1_1' title="bbox 295 198 1278 265; baseline -0.001 -16"><span class='ocrx_word' id='word_1_1' title='bbox 295 218 361 265; x_wconf 84' lang='lat'>30</span> <span class='ocrx_word' id='word_1_2' title='bbox 595 198 1278 248; x_wconf 85' lang='lat' dir='ltr'><strong>H.STEPHANI</strong></span> 
     </span>
    </p>
   </div>
   <div class='ocr_carea' id='block_1_2' title="bbox 289 289 1573 2182">
    <p class='ocr_par' dir='ltr' id='par_1_2' title="bbox 289 289 1573 2182">
     <span class='ocr_line' id='line_1_2' title="bbox 295 289 1569 348; baseline 0.003 -18"><span class='ocrx_word' id='word_1_3' title='bbox 295 289 469 344; x_wconf 85' lang='lat' dir='ltr'>alioqui,</span> <span class='ocrx_word' id='word_1_4' title='bbox 491 290 533 331; x_wconf 89' lang='lat'>&amp;</span> <span class='ocrx_word' id='word_1_5' title='bbox 549 290 674 331; x_wconf 74' lang='grc' dir='ltr'><strong><em>τείνειν</em></strong></span> <span class='ocrx_word' id='word_1_6' title='bbox 691 305 735 332; x_wconf 93' lang='lat' dir='ltr'>ac</span> <span class='ocrx_word' id='word_1_7' title='bbox 748 291 1032 333; x_wconf 64' lang='grc' dir='ltr'><strong><em>συντάττεσδαιι</em></strong></span> <span class='ocrx_word' id='word_1_8' title='bbox 1047 292 1257 348; x_wconf 88' lang='lat' dir='ltr'>aliquando</span> <span class='ocrx_word' id='word_1_9' title='bbox 1275 292 1321 333; x_wconf 91' lang='lat' dir='ltr'>de</span> <span class='ocrx_word' id='word_1_10' title='bbox 1336 291 1406 332; x_wconf 91' lang='lat' dir='ltr'>hac</span> <span class='ocrx_word' id='word_1_11' title='bbox 1418 305 1460 333; x_wconf 87' lang='lat' dir='ltr'>re</span> <span class='ocrx_word' id='word_1_12' title='bbox 1475 292 1546 334; x_wconf 80' lang='lat' dir='ltr'>dici</span> <span class='ocrx_word' id='word_1_13' title='bbox 1557 321 1569 343; x_wconf 92' lang='lat'><strong>‚</strong></span> 
     </span>
     <span class='ocr_line' id='line_1_3' title="bbox 294 345 1571 400; baseline 0.003 -16"><span class='ocrx_word' id='word_1_14' title='bbox 294 345 475 385; x_wconf 81' lang='lat' dir='ltr'>videlicet</span> <span class='ocrx_word' id='word_1_15' title='bbox 495 345 541 384; x_wconf 92' lang='lat' dir='ltr'>de</span> <span class='ocrx_word' id='word_1_16' title='bbox 555 346 776 393; x_wconf 87' lang='lat' dir='ltr'>vocabulo,</span> <span class='ocrx_word' id='word_1_17' title='bbox 794 347 904 400; x_wconf 90' lang='lat' dir='ltr'>quod</span> <span class='ocrx_word' id='word_1_18' title='bbox 919 360 1010 387; x_wconf 92' lang='lat' dir='ltr'>cum</span> <span class='ocrx_word' id='word_1_19' title='bbox 1031 347 1108 388; x_wconf 91' lang='lat' dir='ltr'>alio</span> <span class='ocrx_word' id='word_1_20' title='bbox 1131 348 1324 400; x_wconf 83' lang='lat' dir='ltr'>iungitur:</span> <span class='ocrx_word' id='word_1_21' title='bbox 1347 347 1495 387; x_wconf 75' lang='lat' dir='ltr'>etiamsi</span> <span class='ocrx_word' id='word_1_22' title='bbox 1511 348 1571 388; x_wconf 92' lang='lat' dir='ltr'>in-</span> 
     </span>
     <span class='ocr_line' id='line_1_4' title="bbox 294 399 1571 458; baseline 0.003 -20"><span class='ocrx_word' id='word_1_23' title='bbox 294 399 452 440; x_wconf 69' lang='lat' dir='ltr'>tene-Sta</span> <span class='ocrx_word' id='word_1_24' title='bbox 472 399 680 458; x_wconf 75' lang='lat' dir='ltr'>quaepiam</span> <span class='ocrx_word' id='word_1_25' title='bbox 701 399 794 446; x_wconf 78' lang='lat' dir='ltr'>sint,</span> <span class='ocrx_word' id='word_1_26' title='bbox 818 414 918 453; x_wconf 86' lang='lat' dir='ltr'>quae</span> <span class='ocrx_word' id='word_1_27' title='bbox 939 401 1095 454; x_wconf 84' lang='lat' dir='ltr'>aliquod</span> <span class='ocrx_word' id='word_1_28' title='bbox 1120 401 1220 440; x_wconf 89' lang='lat' dir='ltr'>inter</span> <span class='ocrx_word' id='word_1_29' title='bbox 1241 401 1304 440; x_wconf 86' lang='lat' dir='ltr'>illa</span> <span class='ocrx_word' id='word_1_30' title='bbox 1325 401 1571 442; x_wconf 80' lang='lat' dir='ltr'>intervallum</span> 
     </span>
     <span class='ocr_line' id='line_1_5' title="bbox 294 453 1572 508; baseline 0.004 -17"><span class='ocrx_word' id='word_1_31' title='bbox 294 463 462 505; x_wconf 80' lang='lat' dir='ltr'>ponant:</span> <span class='ocrx_word' id='word_1_32' title='bbox 482 453 544 492; x_wconf 89' lang='lat' dir='ltr'>1ed</span> <span class='ocrx_word' id='word_1_33' title='bbox 558 454 688 506; x_wconf 89' lang='lat' dir='ltr'>potius</span> <span class='ocrx_word' id='word_1_34' title='bbox 702 454 904 494; x_wconf 86' lang='lat' dir='ltr'>dicendum</span> <span class='ocrx_word' id='word_1_35' title='bbox 917 454 971 495; x_wconf 85' lang='lat' dir='ltr'>est</span> <span class='ocrx_word' id='word_1_36' title='bbox 983 453 1242 495; x_wconf 61' lang='grc' dir='ltr'><strong><em>συντάττεται</em></strong></span> <span class='ocrx_word' id='word_1_37' title='bbox 1258 454 1329 504; x_wconf 71' lang='grc' dir='ltr'>τῷ,</span> <span class='ocrx_word' id='word_1_38' title='bbox 1341 467 1463 508; x_wconf 88' lang='lat' dir='ltr'>quam</span> <span class='ocrx_word' id='word_1_39' title='bbox 1480 458 1572 508; x_wconf 70' lang='grc' dir='ltr'>πρὸς</span> 
     </span>
     <span class='ocr_line' id='line_1_6' title="bbox 295 506 1573 600; baseline 0.002 -54"><span class='ocrx_word' id='word_1_40' title='bbox 295 508 355 546; x_wconf 74' lang='grc' dir='ltr'>τό.</span> <span class='ocrx_word' id='word_1_41' title='bbox 367 506 467 546; x_wconf 81' lang='lat' dir='ltr'>Fieri</span> <span class='ocrx_word' id='word_1_42' title='bbox 478 516 608 547; x_wconf 89' lang='lat' dir='ltr'>tamen</span> <span class='ocrx_word' id='word_1_43' title='bbox 620 507 758 600; x_wconf 64' lang='lat' dir='ltr'>potest,</span> <span class='ocrx_word' id='word_1_44' title='bbox 771 518 814 548; x_wconf 90' lang='lat' dir='ltr'>ut</span> <span class='ocrx_word' id='word_1_45' title='bbox 826 509 902 548; x_wconf 90' lang='lat' dir='ltr'>hoc</span> <span class='ocrx_word' id='word_1_46' title='bbox 911 509 1025 548; x_wconf 90' lang='lat' dir='ltr'>etiam</span> <span class='ocrx_word' id='word_1_47' title='bbox 1038 510 1157 548; x_wconf 88' lang='lat' dir='ltr'>modo</span> <span class='ocrx_word' id='word_1_48' title='bbox 1168 509 1277 562; x_wconf 89' lang='lat' dir='ltr'>loqui</span> <span class='ocrx_word' id='word_1_49' title='bbox 1285 507 1354 548; x_wconf 87' lang='lat' dir='ltr'>fibi</span> <span class='ocrx_word' id='word_1_50' title='bbox 1364 509 1573 562; x_wconf 86' lang='lat' dir='ltr'>permittat.</span> 
     </span>
     <span class='ocr_line' id='line_1_7' title="bbox 367 560 1572 616; baseline 0.002 -16"><span class='ocrx_word' id='word_1_51' title='bbox 367 560 453 601; x_wconf 92' lang='lat' dir='ltr'>Nec</span> <span class='ocrx_word' id='word_1_52' title='bbox 466 574 563 601; x_wconf 89' lang='lat' dir='ltr'>vero</span> <span class='ocrx_word' id='word_1_53' title='bbox 579 561 622 601; x_wconf 87' lang='lat' dir='ltr'>ni</span> <span class='ocrx_word' id='word_1_54' title='bbox 650 561 735 602; x_wconf 88' lang='lat' dir='ltr'>ilde</span> <span class='ocrx_word' id='word_1_55' title='bbox 749 562 810 602; x_wconf 90' lang='lat' dir='ltr'>illa</span> <span class='ocrx_word' id='word_1_56' title='bbox 823 562 1010 616; x_wconf 84' lang='lat' dir='ltr'>particula</span> <span class='ocrx_word' id='word_1_57' title='bbox 1021 565 1065 602; x_wconf 72' lang='grc' dir='ltr'>τὶ»</span> <span class='ocrx_word' id='word_1_58' title='bbox 1078 563 1281 603; x_wconf 89' lang='lat' dir='ltr'>dicendum</span> <span class='ocrx_word' id='word_1_59' title='bbox 1299 562 1360 602; x_wconf 90' lang='lat' dir='ltr'>hic</span> <span class='ocrx_word' id='word_1_60' title='bbox 1376 561 1508 603; x_wconf 89' lang='lat' dir='ltr'>fuerit:</span> <span class='ocrx_word' id='word_1_61' title='bbox 1526 563 1572 603; x_wconf 90' lang='lat' dir='ltr'>il-</span> 
     </span>
     <span class='ocr_line' id='line_1_8' title="bbox 293 613 1570 670; baseline 0.002 -17"><span class='ocrx_word' id='word_1_62' title='bbox 293 613 530 667; x_wconf 81' lang='lat' dir='ltr'>la‚inqua-m,</span> <span class='ocrx_word' id='word_1_63' title='bbox 550 615 661 655; x_wconf 90' lang='lat' dir='ltr'>cuius</span> <span class='ocrx_word' id='word_1_64' title='bbox 671 615 762 656; x_wconf 87' lang='lat' dir='ltr'>usus</span> <span class='ocrx_word' id='word_1_65' title='bbox 777 616 923 670; x_wconf 81' lang='lat' dir='ltr'>aliquot</span> <span class='ocrx_word' id='word_1_66' title='bbox 940 616 1117 670; x_wconf 89' lang='lat' dir='ltr'>exempla</span> <span class='ocrx_word' id='word_1_67' title='bbox 1136 617 1246 662; x_wconf 84' lang='lat' dir='ltr'>iniis,</span> <span class='ocrx_word' id='word_1_68' title='bbox 1264 617 1332 670; x_wconf 90' lang='lat' dir='ltr'>qui</span> <span class='ocrx_word' id='word_1_69' title='bbox 1349 616 1450 655; x_wconf 84' lang='lat' dir='ltr'>allati</span> <span class='ocrx_word' id='word_1_70' title='bbox 1468 616 1570 668; x_wconf 90' lang='lat' dir='ltr'>sunt,</span> 
     </span>
     <span class='ocr_line' id='line_1_9' title="bbox 293 667 1571 724; baseline 0.003 -17"><span class='ocrx_word' id='word_1_71' title='bbox 293 667 391 715; x_wconf 85' lang='lat' dir='ltr'>locis</span> <span class='ocrx_word' id='word_1_72' title='bbox 403 668 529 710; x_wconf 87' lang='lat' dir='ltr'>habes.</span> <span class='ocrx_word' id='word_1_73' title='bbox 542 669 646 710; x_wconf 87' lang='lat' dir='ltr'>Cum</span> <span class='ocrx_word' id='word_1_74' title='bbox 659 683 704 710; x_wconf 90' lang='lat' dir='ltr'>ea</span> <span class='ocrx_word' id='word_1_75' title='bbox 717 679 821 710; x_wconf 87' lang='lat' dir='ltr'>certe</span> <span class='ocrx_word' id='word_1_76' title='bbox 830 699 840 717; x_wconf 92' lang='lat'>‚</span> <span class='ocrx_word' id='word_1_77' title='bbox 859 683 932 724; x_wconf 89' lang='lat' dir='ltr'>pro</span> <span class='ocrx_word' id='word_1_78' title='bbox 949 670 1061 716; x_wconf 90' lang='lat' dir='ltr'>loco,</span> <span class='ocrx_word' id='word_1_79' title='bbox 1077 670 1142 711; x_wconf 89' lang='lat' dir='ltr'>vel</span> <span class='ocrx_word' id='word_1_80' title='bbox 1155 670 1231 710; x_wconf 90' lang='lat' dir='ltr'>hoc</span> <span class='ocrx_word' id='word_1_81' title='bbox 1249 671 1315 710; x_wconf 91' lang='lat' dir='ltr'>vel</span> <span class='ocrx_word' id='word_1_82' title='bbox 1328 670 1420 710; x_wconf 84' lang='lat' dir='ltr'>illud</span> <span class='ocrx_word' id='word_1_83' title='bbox 1431 669 1571 711; x_wconf 87' lang='lat' dir='ltr'>subau-</span> 
     </span>
     <span class='ocr_line' id='line_1_10' title="bbox 294 719 1572 778; baseline 0.003 -17"><span class='ocrx_word' id='word_1_84' title='bbox 294 721 478 763; x_wconf 88' lang='lat' dir='ltr'>diendum</span> <span class='ocrx_word' id='word_1_85' title='bbox 488 723 728 777; x_wconf 79' lang='lat' dir='ltr'><strong>relinquitur.</strong></span> <span class='ocrx_word' id='word_1_86' title='bbox 744 724 803 763; x_wconf 92' lang='lat' dir='ltr'>Ibi</span> <span class='ocrx_word' id='word_1_87' title='bbox 816 724 986 777; x_wconf 89' lang='lat' dir='ltr'>quidem,</span> <span class='ocrx_word' id='word_1_88' title='bbox 1005 724 1072 764; x_wconf 83' lang='lat' dir='ltr'>ubi</span> <span class='ocrx_word' id='word_1_89' title='bbox 1089 724 1231 764; x_wconf 79' lang='lat' dir='ltr'>dicitur</span> <span class='ocrx_word' id='word_1_90' title='bbox 1240 726 1283 762; x_wconf 67' lang='lat' dir='ltr'>‘rb</span> <span class='ocrx_word' id='word_1_91' title='bbox 1292 719 1352 772; x_wconf 65' lang='lat'>555,</span> <span class='ocrx_word' id='word_1_92' title='bbox 1368 735 1456 778; x_wconf 84' lang='lat' dir='ltr'>apte</span> <span class='ocrx_word' id='word_1_93' title='bbox 1469 721 1572 765; x_wconf 72' lang='grc' dir='ltr'><strong><em>ὑποι-</em></strong></span> 
     </span>
     <span class='ocr_line' id='line_1_11' title="bbox 294 774 1570 831; baseline 0.004 -17"><span class='ocrx_word' id='word_1_94' title='bbox 294 774 413 818; x_wconf 76' lang='grc' dir='ltr'><strong><em>κούειν</em></strong></span> <span class='ocrx_word' id='word_1_95' title='bbox 433 778 580 831; x_wconf 86' lang='lat' dir='ltr'>poteris</span> <span class='ocrx_word' id='word_1_96' title='bbox 595 776 724 830; x_wconf 67' lang='grc' dir='ltr'><em>ἀρθρον.</em></span> <span class='ocrx_word' id='word_1_97' title='bbox 744 778 899 818; x_wconf 87' lang='lat' dir='ltr'>Alicubi</span> <span class='ocrx_word' id='word_1_98' title='bbox 913 791 1012 818; x_wconf 89' lang='lat' dir='ltr'>vero</span> <span class='ocrx_word' id='word_1_99' title='bbox 1027 777 1217 818; x_wconf 76' lang='lat' dir='ltr'>subaudiri</span> <span class='ocrx_word' id='word_1_100' title='bbox 1235 778 1380 831; x_wconf 77' lang='lat' dir='ltr'>poterit</span> <span class='ocrx_word' id='word_1_101' title='bbox 1398 777 1510 831; x_wconf 63' lang='grc' dir='ltr'>ῥῆμα·</span> <span class='ocrx_word' id='word_1_102' title='bbox 1524 790 1570 820; x_wconf 87' lang='lat' dir='ltr'>ut</span> 
     </span>
     <span class='ocr_line' id='line_1_12' title="bbox 294 830 1571 886; baseline 0.002 -16"><span class='ocrx_word' id='word_1_103' title='bbox 294 843 383 884; x_wconf 85' lang='lat' dir='ltr'>pag.</span> <span class='ocrx_word' id='word_1_104' title='bbox 407 845 478 886; x_wconf 83' lang='lat'>391</span> <span class='ocrx_word' id='word_1_105' title='bbox 495 831 519 870; x_wconf 94' lang='lat' dir='ltr'>l.</span> <span class='ocrx_word' id='word_1_106' title='bbox 535 830 560 870; x_wconf 91' lang='lat'>8</span> <span class='ocrx_word' id='word_1_107' title='bbox 571 862 584 878; x_wconf 91' lang='lat'>‚</span> <span class='ocrx_word' id='word_1_108' title='bbox 603 832 683 871; x_wconf 71' lang='grc' dir='ltr'>ἀπὸ</span> <span class='ocrx_word' id='word_1_109' title='bbox 697 831 816 871; x_wconf 75' lang='grc' dir='ltr'><strong><em>κοινοῦ</em></strong></span> <span class='ocrx_word' id='word_1_110' title='bbox 832 835 877 871; x_wconf 62' lang='grc' dir='ltr'>τὶ</span> <span class='ocrx_word' id='word_1_111' title='bbox 891 831 1078 873; x_wconf 74' lang='grc' dir='ltr'><strong><em>πιστεύει.</em></strong></span> <span class='ocrx_word' id='word_1_112' title='bbox 1094 831 1253 873; x_wconf 86' lang='lat' dir='ltr'>Alicubi</span> <span class='ocrx_word' id='word_1_113' title='bbox 1270 830 1482 885; x_wconf 71' lang='grc' dir='ltr'>ἐπίῤῥημοι,</span> <span class='ocrx_word' id='word_1_114' title='bbox 1496 833 1571 872; x_wconf 87' lang='lat' dir='ltr'>ali·</span> 
     </span>
     <span class='ocr_line' id='line_1_13' title="bbox 293 884 1570 940; baseline 0.001 -15"><span class='ocrx_word' id='word_1_115' title='bbox 293 885 386 925; x_wconf 86' lang='lat' dir='ltr'>cubi</span> <span class='ocrx_word' id='word_1_116' title='bbox 401 884 530 939; x_wconf 80' lang='grc' dir='ltr'><strong><em>ἄρθρον.</em></strong></span> <span class='ocrx_word' id='word_1_117' title='bbox 546 885 699 926; x_wconf 86' lang='lat' dir='ltr'>Alicubi</span> <span class='ocrx_word' id='word_1_118' title='bbox 711 887 824 925; x_wconf 88' lang='lat' dir='ltr'>etiam</span> <span class='ocrx_word' id='word_1_119' title='bbox 838 885 959 939; x_wconf 74' lang='grc' dir='ltr'><strong><em>μόριον</em></strong></span> <span class='ocrx_word' id='word_1_120' title='bbox 975 886 1039 940; x_wconf 91' lang='lat' dir='ltr'>(ea</span> <span class='ocrx_word' id='word_1_121' title='bbox 1051 887 1088 926; x_wconf 89' lang='lat' dir='ltr'>in</span> <span class='ocrx_word' id='word_1_122' title='bbox 1100 885 1129 925; x_wconf 82' lang='lat' dir='ltr'>fi</span> <span class='ocrx_word' id='word_1_123' title='bbox 1158 885 1376 926; x_wconf 75' lang='lat' dir='ltr'>nificatiome</span> <span class='ocrx_word' id='word_1_124' title='bbox 1388 915 1401 932; x_wconf 93' lang='lat'>‚</span> <span class='ocrx_word' id='word_1_125' title='bbox 1420 899 1497 938; x_wconf 85' lang='lat' dir='ltr'>qua</span> <span class='ocrx_word' id='word_1_126' title='bbox 1514 887 1570 926; x_wconf 83' lang='lat' dir='ltr'>di-</span> 
     </span>
     <span class='ocr_line' id='line_1_14' title="bbox 294 938 1568 994; baseline 0.002 -16"><span class='ocrx_word' id='word_1_127' title='bbox 294 939 395 979; x_wconf 92' lang='lat' dir='ltr'>citur</span> <span class='ocrx_word' id='word_1_128' title='bbox 406 939 533 993; x_wconf 88' lang='lat' dir='ltr'>aliqua</span> <span class='ocrx_word' id='word_1_129' title='bbox 548 953 633 980; x_wconf 81' lang='lat' dir='ltr'>vox</span> <span class='ocrx_word' id='word_1_130' title='bbox 650 939 724 979; x_wconf 88' lang='lat' dir='ltr'>effe</span> <span class='ocrx_word' id='word_1_131' title='bbox 736 939 857 991; x_wconf 74' lang='grc' dir='ltr'><strong><em>μόριον</em></strong></span> <span class='ocrx_word' id='word_1_132' title='bbox 871 938 940 980; x_wconf 75' lang='grc' dir='ltr'>τοῦ</span> <span class='ocrx_word' id='word_1_133' title='bbox 951 941 1088 994; x_wconf 71' lang='grc' dir='ltr'><strong>λόγου,</strong></span> <span class='ocrx_word' id='word_1_134' title='bbox 1106 940 1118 979; x_wconf 90' lang='lat' dir='ltr'>i</span> <span class='ocrx_word' id='word_1_135' title='bbox 1160 938 1236 986; x_wconf 86' lang='lat' dir='ltr'>est,</span> <span class='ocrx_word' id='word_1_136' title='bbox 1254 952 1342 993; x_wconf 86' lang='lat' dir='ltr'>pars</span> <span class='ocrx_word' id='word_1_137' title='bbox 1356 939 1568 989; x_wconf 79' lang='lat' dir='ltr'>orationis)</span> 
     </span>
     <span class='ocr_line' id='line_1_15' title="bbox 294 992 1569 1047; baseline 0.002 -15"><span class='ocrx_word' id='word_1_138' title='bbox 294 992 400 1033; x_wconf 93' lang='lat' dir='ltr'>hunc</span> <span class='ocrx_word' id='word_1_139' title='bbox 411 992 523 1034; x_wconf 87' lang='lat' dir='ltr'>usum</span> <span class='ocrx_word' id='word_1_140' title='bbox 537 993 753 1047; x_wconf 82' lang='lat' dir='ltr'>praestabit.</span> <span class='ocrx_word' id='word_1_141' title='bbox 765 994 1059 1047; x_wconf 87' lang='lat' dir='ltr'>Nonnunquam</span> <span class='ocrx_word' id='word_1_142' title='bbox 1072 1001 1201 1034; x_wconf 74' lang='lat' dir='ltr'>antem</span> <span class='ocrx_word' id='word_1_143' title='bbox 1212 993 1363 1042; x_wconf 87' lang='lat' dir='ltr'>dicitur,</span> <span class='ocrx_word' id='word_1_144' title='bbox 1375 992 1391 1032; x_wconf 83' lang='grc' dir='ltr'><strong><em>ὃ</em></strong></span> <span class='ocrx_word' id='word_1_145' title='bbox 1402 992 1465 1042; x_wconf 62' lang='grc' dir='ltr'>δῖὲ,</span> <span class='ocrx_word' id='word_1_146' title='bbox 1476 995 1569 1035; x_wconf 87' lang='lat' dir='ltr'>item</span> 
     </span>
     <span class='ocr_line' id='line_1_16' title="bbox 292 1045 1569 1102; baseline 0.002 -17"><span class='ocrx_word' id='word_1_147' title='bbox 292 1046 313 1085; x_wconf 76' lang='grc' dir='ltr'><strong>ὅ</strong></span> <span class='ocrx_word' id='word_1_148' title='bbox 327 1046 408 1096; x_wconf 70' lang='grc' dir='ltr'>καὶ,</span> <span class='ocrx_word' id='word_1_149' title='bbox 429 1048 471 1088; x_wconf 79' lang='grc' dir='ltr'>δι</span> <span class='ocrx_word' id='word_1_150' title='bbox 483 1048 538 1086; x_wconf 90' lang='lat' dir='ltr'>ita</span> <span class='ocrx_word' id='word_1_151' title='bbox 549 1048 588 1087; x_wconf 90' lang='lat' dir='ltr'>in</span> <span class='ocrx_word' id='word_1_152' title='bbox 601 1047 696 1097; x_wconf 87' lang='lat' dir='ltr'>aliis,</span> <span class='ocrx_word' id='word_1_153' title='bbox 710 1048 753 1088; x_wconf 76' lang='grc' dir='ltr'>δι</span> <span class='ocrx_word' id='word_1_154' title='bbox 763 1058 848 1088; x_wconf 92' lang='lat' dir='ltr'>tum</span> <span class='ocrx_word' id='word_1_155' title='bbox 864 1048 1092 1102; x_wconf 76' lang='lat' dir='ltr'>intelligitur</span> <span class='ocrx_word' id='word_1_156' title='bbox 1105 1047 1332 1098; x_wconf 57' lang='lat' dir='ltr'>obusto-uec,</span> <span class='ocrx_word' id='word_1_157' title='bbox 1349 1048 1386 1087; x_wconf 89' lang='lat' dir='ltr'>id</span> <span class='ocrx_word' id='word_1_158' title='bbox 1398 1045 1466 1096; x_wconf 80' lang='lat' dir='ltr'>est,</span> <span class='ocrx_word' id='word_1_159' title='bbox 1480 1063 1569 1088; x_wconf 86' lang='lat' dir='ltr'>con-</span> 
     </span>
     <span class='ocr_line' id='line_1_17' title="bbox 292 1098 1569 1155; baseline 0.002 -15"><span class='ocrx_word' id='word_1_160' title='bbox 292 1100 428 1141; x_wconf 65' lang='lat' dir='ltr'>iunezio.</span> <span class='ocrx_word' id='word_1_161' title='bbox 438 1101 571 1154; x_wconf 84' lang='lat' dir='ltr'>Quod</span> <span class='ocrx_word' id='word_1_162' title='bbox 588 1100 617 1141; x_wconf 87' lang='lat' dir='ltr'><strong>fi</strong></span> <span class='ocrx_word' id='word_1_163' title='bbox 631 1102 780 1142; x_wconf 87' lang='lat' dir='ltr'>dicatur</span> <span class='ocrx_word' id='word_1_164' title='bbox 798 1099 819 1142; x_wconf 67' lang='grc' dir='ltr'><strong><em>ἦ</em></strong></span> <span class='ocrx_word' id='word_1_165' title='bbox 841 1100 947 1155; x_wconf 54' lang='lat' dir='ltr'>mbr,</span> <span class='ocrx_word' id='word_1_166' title='bbox 962 1102 1028 1142; x_wconf 91' lang='lat' dir='ltr'>vel</span> <span class='ocrx_word' id='word_1_167' title='bbox 1043 1098 1063 1143; x_wconf 70' lang='grc' dir='ltr'><em>ἦ</em></span> <span class='ocrx_word' id='word_1_168' title='bbox 1080 1104 1190 1155; x_wconf 66' lang='grc' dir='ltr'>παρὰ</span> <span class='ocrx_word' id='word_1_169' title='bbox 1200 1132 1215 1149; x_wconf 87' lang='grc'>,</span> <span class='ocrx_word' id='word_1_170' title='bbox 1231 1102 1296 1142; x_wconf 89' lang='lat' dir='ltr'>vel</span> <span class='ocrx_word' id='word_1_171' title='bbox 1312 1100 1386 1141; x_wconf 85' lang='lat' dir='ltr'>alia</span> <span class='ocrx_word' id='word_1_172' title='bbox 1398 1100 1569 1142; x_wconf 84' lang='lat' dir='ltr'>eiusdem</span> 
     </span>
     <span class='ocr_line' id='line_1_18' title="bbox 293 1155 1568 1218; baseline 0 -22"><span class='ocrx_word' id='word_1_173' title='bbox 293 1156 446 1208; x_wconf 89' lang='lat' dir='ltr'>generis</span> <span class='ocrx_word' id='word_1_174' title='bbox 462 1156 652 1209; x_wconf 77' lang='lat' dir='ltr'>particula</span> <span class='ocrx_word' id='word_1_175' title='bbox 663 1155 750 1218; x_wconf 85' lang='lat' dir='ltr'>post</span> <span class='ocrx_word' id='word_1_176' title='bbox 770 1156 977 1196; x_wconf 88' lang='lat' dir='ltr'>articulum</span> <span class='ocrx_word' id='word_1_177' title='bbox 996 1166 1180 1209; x_wconf 85' lang='lat' dir='ltr'>ponat-ur,</span> <span class='ocrx_word' id='word_1_178' title='bbox 1194 1155 1420 1196; x_wconf 85' lang='lat' dir='ltr'>subauditur</span> <span class='ocrx_word' id='word_1_179' title='bbox 1438 1157 1568 1210; x_wconf 74' lang='grc' dir='ltr'><em>πρόθε-</em></span> 
     </span>
     <span class='ocr_line' id='line_1_19' title="bbox 292 1209 1568 1263; baseline 0.002 -14"><span class='ocrx_word' id='word_1_180' title='bbox 292 1223 370 1259; x_wconf 76' lang='grc' dir='ltr'><strong><em>σις,</em></strong></span> <span class='ocrx_word' id='word_1_181' title='bbox 387 1209 425 1249; x_wconf 90' lang='lat' dir='ltr'>id</span> <span class='ocrx_word' id='word_1_182' title='bbox 435 1209 489 1250; x_wconf 86' lang='lat' dir='ltr'>est</span> <span class='ocrx_word' id='word_1_183' title='bbox 494 1212 711 1263; x_wconf 82' lang='lat' dir='ltr'>praepofitzo.</span> <span class='ocrx_word' id='word_1_184' title='bbox 723 1211 876 1250; x_wconf 88' lang='lat' dir='ltr'>Verum</span> <span class='ocrx_word' id='word_1_185' title='bbox 889 1210 936 1250; x_wconf 88' lang='lat' dir='ltr'>ad</span> <span class='ocrx_word' id='word_1_186' title='bbox 951 1210 1158 1250; x_wconf 86' lang='lat' dir='ltr'>articulum</span> <span class='ocrx_word' id='word_1_187' title='bbox 1172 1212 1215 1248; x_wconf 66' lang='grc' dir='ltr'>τὸ</span> <span class='ocrx_word' id='word_1_188' title='bbox 1229 1219 1274 1250; x_wconf 87' lang='lat' dir='ltr'>ut</span> <span class='ocrx_word' id='word_1_189' title='bbox 1286 1220 1474 1256; x_wconf 80' lang='lat' dir='ltr'>revertar,</span> <span class='ocrx_word' id='word_1_190' title='bbox 1488 1210 1568 1251; x_wconf 89' lang='lat' dir='ltr'>hoc</span> 
     </span>
     <span class='ocr_line' id='line_1_20' title="bbox 291 1262 1568 1316; baseline 0.002 -13"><span class='ocrx_word' id='word_1_191' title='bbox 291 1263 531 1316; x_wconf 85' lang='lat' dir='ltr'>potiffimum</span> <span class='ocrx_word' id='word_1_192' title='bbox 549 1264 928 1304; x_wconf 84' lang='lat' dir='ltr'>animadvertendum</span> <span class='ocrx_word' id='word_1_193' title='bbox 951 1262 1027 1311; x_wconf 89' lang='lat' dir='ltr'>est,</span> <span class='ocrx_word' id='word_1_194' title='bbox 1043 1262 1148 1304; x_wconf 89' lang='lat' dir='ltr'>hunc</span> <span class='ocrx_word' id='word_1_195' title='bbox 1171 1262 1374 1304; x_wconf 86' lang='lat' dir='ltr'>articulum</span> <span class='ocrx_word' id='word_1_196' title='bbox 1400 1275 1479 1303; x_wconf 86' lang='lat' dir='ltr'>non</span> <span class='ocrx_word' id='word_1_197' title='bbox 1499 1265 1568 1305; x_wconf 85' lang='lat' dir='ltr'>uni</span> 
     </span>
     <span class='ocr_line' id='line_1_21' title="bbox 291 1317 1568 1372; baseline 0.002 -16"><span class='ocrx_word' id='word_1_198' title='bbox 291 1328 443 1358; x_wconf 73' lang='lat' dir='ltr'>tantum</span> <span class='ocrx_word' id='word_1_199' title='bbox 456 1318 669 1366; x_wconf 87' lang='lat' dir='ltr'>vocabulo,</span> <span class='ocrx_word' id='word_1_200' title='bbox 681 1317 743 1358; x_wconf 91' lang='lat' dir='ltr'>sed</span> <span class='ocrx_word' id='word_1_201' title='bbox 752 1318 972 1372; x_wconf 87' lang='lat' dir='ltr'>&amp;pluribus</span> <span class='ocrx_word' id='word_1_202' title='bbox 984 1317 1160 1372; x_wconf 84' lang='lat' dir='ltr'>praefigi:</span> <span class='ocrx_word' id='word_1_203' title='bbox 1178 1317 1401 1358; x_wconf 73' lang='lat' dir='ltr'>veluti-cum</span> <span class='ocrx_word' id='word_1_204' title='bbox 1415 1318 1568 1368; x_wconf 85' lang='lat' dir='ltr'>dicitur,</span> 
     </span>
     <span class='ocr_line' id='line_1_22' title="bbox 291 1370 1565 1427; baseline 0 -17"><span class='ocrx_word' id='word_1_205' title='bbox 291 1371 336 1410; x_wconf 86' lang='lat' dir='ltr'>in</span> <span class='ocrx_word' id='word_1_206' title='bbox 350 1384 400 1412; x_wconf 90' lang='lat' dir='ltr'>eo</span> <span class='ocrx_word' id='word_1_207' title='bbox 413 1371 521 1425; x_wconf 91' lang='lat' dir='ltr'>quod</span> <span class='ocrx_word' id='word_1_208' title='bbox 532 1385 582 1412; x_wconf 82' lang='lat' dir='ltr'>ex</span> <span class='ocrx_word' id='word_1_209' title='bbox 597 1386 634 1427; x_wconf 90' lang='lat' dir='ltr'>p.</span> <span class='ocrx_word' id='word_1_210' title='bbox 651 1386 728 1426; x_wconf 83' lang='lat'>344</span> <span class='ocrx_word' id='word_1_211' title='bbox 741 1372 901 1412; x_wconf 87' lang='lat' dir='ltr'>allatum</span> <span class='ocrx_word' id='word_1_212' title='bbox 918 1371 973 1412; x_wconf 86' lang='lat' dir='ltr'>est</span> <span class='ocrx_word' id='word_1_213' title='bbox 986 1372 1172 1426; x_wconf 85' lang='lat' dir='ltr'>exemplo</span> <span class='ocrx_word' id='word_1_214' title='bbox 1185 1370 1361 1425; x_wconf 74' lang='lat' dir='ltr'>ellipsems</span> <span class='ocrx_word' id='word_1_215' title='bbox 1381 1371 1505 1419; x_wconf 82' lang='lat' dir='ltr'>verbi,</span> <span class='ocrx_word' id='word_1_216' title='bbox 1518 1375 1565 1411; x_wconf 63' lang='grc' dir='ltr'>τὶ</span> 
     </span>
     <span class='ocr_line' id='line_1_23' title="bbox 328 1423 1567 1481; baseline 0.002 -17"><span class='ocrx_word' id='word_1_217' title='bbox 328 1427 391 1477; x_wconf 69' lang='grc' dir='ltr'>ἃς,</span> <span class='ocrx_word' id='word_1_218' title='bbox 402 1424 540 1479; x_wconf 55' lang='grc' dir='ltr'>δείξαις</span> <span class='ocrx_word' id='word_1_219' title='bbox 555 1426 594 1466; x_wconf 77' lang='grc' dir='ltr'>τὶ</span> <span class='ocrx_word' id='word_1_220' title='bbox 601 1426 738 1481; x_wconf 79' lang='grc' dir='ltr'><strong><em>χωρίον’</em></strong></span> <span class='ocrx_word' id='word_1_221' title='bbox 751 1423 894 1466; x_wconf 66' lang='grc' dir='ltr'><strong><em>αὐτοῖς.</em></strong></span> <span class='ocrx_word' id='word_1_222' title='bbox 908 1426 1047 1480; x_wconf 81' lang='lat' dir='ltr'>Neque</span> <span class='ocrx_word' id='word_1_223' title='bbox 1058 1438 1158 1466; x_wconf 90' lang='lat' dir='ltr'>vero</span> <span class='ocrx_word' id='word_1_224' title='bbox 1170 1424 1328 1480; x_wconf 67' lang='lat' dir='ltr'>suspeffl</span> <span class='ocrx_word' id='word_1_225' title='bbox 1340 1424 1414 1465; x_wconf 80' lang='lat' dir='ltr'>effe</span> <span class='ocrx_word' id='word_1_226' title='bbox 1427 1426 1567 1466; x_wconf 89' lang='lat' dir='ltr'>debent</span> 
     </span>
     <span class='ocr_line' id='line_1_24' title="bbox 323 1478 1566 1534; baseline 0.001 -15"><span class='ocrx_word' id='word_1_227' title='bbox 323 1478 511 1520; x_wconf 88' lang='lat' dir='ltr'>uiusmodi</span> <span class='ocrx_word' id='word_1_228' title='bbox 521 1480 619 1528; x_wconf 80' lang='lat' dir='ltr'>loci,</span> <span class='ocrx_word' id='word_1_229' title='bbox 636 1479 743 1534; x_wconf 82' lang='lat' dir='ltr'>quasi</span> <span class='ocrx_word' id='word_1_230' title='bbox 760 1479 941 1520; x_wconf 88' lang='lat' dir='ltr'>mendose</span> <span class='ocrx_word' id='word_1_231' title='bbox 957 1479 1145 1533; x_wconf 79' lang='lat' dir='ltr'>singulare</span> <span class='ocrx_word' id='word_1_232' title='bbox 1162 1482 1206 1518; x_wconf 67' lang='lat' dir='ltr'>vrb</span> <span class='ocrx_word' id='word_1_233' title='bbox 1224 1493 1298 1532; x_wconf 89' lang='lat' dir='ltr'>pro</span> <span class='ocrx_word' id='word_1_234' title='bbox 1310 1478 1449 1532; x_wconf 78' lang='lat' dir='ltr'>plurali</span> <span class='ocrx_word' id='word_1_235' title='bbox 1462 1481 1566 1520; x_wconf 53' lang='lat' dir='ltr'>‘sain</span> 
     </span>
     <span class='ocr_line' id='line_1_25' title="bbox 291 1532 1567 1587; baseline 0.003 -15"><span class='ocrx_word' id='word_1_236' title='bbox 291 1533 340 1572; x_wconf 80' lang='lat' dir='ltr'>iis</span> <span class='ocrx_word' id='word_1_237' title='bbox 360 1532 561 1575; x_wconf 86' lang='lat' dir='ltr'>scribatur:</span> <span class='ocrx_word' id='word_1_238' title='bbox 578 1533 640 1574; x_wconf 92' lang='lat' dir='ltr'>sed</span> <span class='ocrx_word' id='word_1_239' title='bbox 655 1534 733 1574; x_wconf 88' lang='lat' dir='ltr'>hoc</span> <span class='ocrx_word' id='word_1_240' title='bbox 747 1534 994 1587; x_wconf 84' lang='lat' dir='ltr'>privilegium</span> <span class='ocrx_word' id='word_1_241' title='bbox 1012 1535 1092 1574; x_wconf 88' lang='lat' dir='ltr'>dari</span> <span class='ocrx_word' id='word_1_242' title='bbox 1107 1533 1274 1573; x_wconf 87' lang='lat' dir='ltr'>articulo</span> <span class='ocrx_word' id='word_1_243' title='bbox 1294 1533 1355 1572; x_wconf 88' lang='lat' dir='ltr'>isti</span> <span class='ocrx_word' id='word_1_244' title='bbox 1372 1532 1567 1575; x_wconf 87' lang='lat' dir='ltr'>sciendum</span> 
     </span>
     <span class='ocr_line' id='line_1_26' title="bbox 292 1586 1568 1640; baseline 0.001 -13"><span class='ocrx_word' id='word_1_245' title='bbox 292 1586 366 1628; x_wconf 87' lang='lat' dir='ltr'>est:</span> <span class='ocrx_word' id='word_1_246' title='bbox 387 1587 484 1628; x_wconf 80' lang='lat' dir='ltr'>ficut</span> <span class='ocrx_word' id='word_1_247' title='bbox 499 1588 542 1628; x_wconf 72' lang='grc' dir='ltr'>δι</span> <span class='ocrx_word' id='word_1_248' title='bbox 559 1600 649 1628; x_wconf 90' lang='lat' dir='ltr'>cum</span> <span class='ocrx_word' id='word_1_249' title='bbox 668 1589 810 1629; x_wconf 89' lang='lat' dir='ltr'>dicitur</span> <span class='ocrx_word' id='word_1_250' title='bbox 827 1588 915 1628; x_wconf 77' lang='grc' dir='ltr'>ἀντὶ</span> <span class='ocrx_word' id='word_1_251' title='bbox 935 1586 1018 1636; x_wconf 73' lang='grc' dir='ltr'>τοῦ,</span> <span class='ocrx_word' id='word_1_252' title='bbox 1033 1587 1210 1640; x_wconf 86' lang='lat' dir='ltr'>pluribus</span> <span class='ocrx_word' id='word_1_253' title='bbox 1226 1588 1340 1627; x_wconf 85' lang='lat' dir='ltr'>etiam</span> <span class='ocrx_word' id='word_1_254' title='bbox 1359 1586 1492 1627; x_wconf 86' lang='lat' dir='ltr'>verbis</span> <span class='ocrx_word' id='word_1_255' title='bbox 1509 1587 1568 1628; x_wconf 90' lang='lat' dir='ltr'>se-</span> 
     </span>
     <span class='ocr_line' id='line_1_27' title="bbox 291 1640 1567 1696; baseline 0.001 -15"><span class='ocrx_word' id='word_1_256' title='bbox 291 1642 515 1695; x_wconf 90' lang='lat' dir='ltr'>quentibus.</span> <span class='ocrx_word' id='word_1_257' title='bbox 526 1643 678 1683; x_wconf 86' lang='lat' dir='ltr'>Verum</span> <span class='ocrx_word' id='word_1_258' title='bbox 689 1643 795 1696; x_wconf 91' lang='lat' dir='ltr'>quod</span> <span class='ocrx_word' id='word_1_259' title='bbox 807 1643 872 1683; x_wconf 91' lang='lat' dir='ltr'>vel</span> <span class='ocrx_word' id='word_1_260' title='bbox 884 1643 946 1682; x_wconf 78' lang='lat' dir='ltr'>hic</span> <span class='ocrx_word' id='word_1_261' title='bbox 957 1642 1022 1682; x_wconf 89' lang='lat' dir='ltr'>vel</span> <span class='ocrx_word' id='word_1_262' title='bbox 1032 1642 1108 1682; x_wconf 84' lang='lat' dir='ltr'>illic</span> <span class='ocrx_word' id='word_1_263' title='bbox 1118 1652 1209 1695; x_wconf 91' lang='lat' dir='ltr'>apte</span> <span class='ocrx_word' id='word_1_264' title='bbox 1218 1640 1411 1681; x_wconf 87' lang='lat' dir='ltr'>subaudiri</span> <span class='ocrx_word' id='word_1_265' title='bbox 1422 1652 1540 1695; x_wconf 88' lang='lat' dir='ltr'>queat</span> <span class='ocrx_word' id='word_1_266' title='bbox 1551 1673 1567 1691; x_wconf 92' lang='lat'>,</span> 
     </span>
     <span class='ocr_line' id='line_1_28' title="bbox 290 1694 1566 1750; baseline 0.001 -15"><span class='ocrx_word' id='word_1_267' title='bbox 290 1695 468 1736; x_wconf 83' lang='lat' dir='ltr'>invenire</span> <span class='ocrx_word' id='word_1_268' title='bbox 477 1696 605 1737; x_wconf 86' lang='lat' dir='ltr'>minus</span> <span class='ocrx_word' id='word_1_269' title='bbox 615 1696 725 1737; x_wconf 87' lang='lat' dir='ltr'>facile</span> <span class='ocrx_word' id='word_1_270' title='bbox 735 1696 800 1737; x_wconf 86' lang='lat' dir='ltr'>est.</span> <span class='ocrx_word' id='word_1_271' title='bbox 809 1695 891 1736; x_wconf 82' lang='lat' dir='ltr'>Nifi</span> <span class='ocrx_word' id='word_1_272' title='bbox 902 1696 1003 1736; x_wconf 88' lang='lat' dir='ltr'>forte</span> <span class='ocrx_word' id='word_1_273' title='bbox 1014 1696 1172 1750; x_wconf 85' lang='lat' dir='ltr'>perinde</span> <span class='ocrx_word' id='word_1_274' title='bbox 1180 1694 1255 1735; x_wconf 79' lang='lat' dir='ltr'>effe</span> <span class='ocrx_word' id='word_1_275' title='bbox 1263 1695 1477 1749; x_wconf 85' lang='lat' dir='ltr'>putandum</span> <span class='ocrx_word' id='word_1_276' title='bbox 1488 1695 1543 1736; x_wconf 90' lang='lat' dir='ltr'>est</span> <span class='ocrx_word' id='word_1_277' title='bbox 1553 1726 1566 1746; x_wconf 90' lang='lat'><em>‚</em></span> 
     </span>
     <span class='ocr_line' id='line_1_29' title="bbox 293 1749 1565 1805; baseline 0.001 -16"><span class='ocrx_word' id='word_1_278' title='bbox 293 1761 343 1789; x_wconf 89' lang='lat' dir='ltr'>ac</span> <span class='ocrx_word' id='word_1_279' title='bbox 360 1749 390 1790; x_wconf 89' lang='lat' dir='ltr'><strong>fi</strong></span> <span class='ocrx_word' id='word_1_280' title='bbox 403 1750 598 1790; x_wconf 86' lang='lat' dir='ltr'>diceretur</span> <span class='ocrx_word' id='word_1_281' title='bbox 611 1753 702 1804; x_wconf 57' lang='grc' dir='ltr'>πρὶς</span> <span class='ocrx_word' id='word_1_282' title='bbox 721 1754 766 1790; x_wconf 69' lang='lat' dir='ltr'>‘rb</span> <span class='ocrx_word' id='word_1_283' title='bbox 786 1750 1033 1805; x_wconf 69' lang='grc' dir='ltr'>ἐπαγόμενον,</span> <span class='ocrx_word' id='word_1_284' title='bbox 1052 1750 1116 1790; x_wconf 88' lang='lat' dir='ltr'>vel</span> <span class='ocrx_word' id='word_1_285' title='bbox 1133 1751 1224 1803; x_wconf 63' lang='grc' dir='ltr'>πρὶς</span> <span class='ocrx_word' id='word_1_286' title='bbox 1235 1752 1279 1788; x_wconf 69' lang='grc' dir='ltr'>τὸ</span> <span class='ocrx_word' id='word_1_287' title='bbox 1298 1749 1565 1802; x_wconf 71' lang='grc' dir='ltr'><strong><em>ἐπιφερόμενον,</em></strong></span> 
     </span>
     <span class='ocr_line' id='line_1_30' title="bbox 292 1802 1565 1858; baseline 0 -14"><span class='ocrx_word' id='word_1_288' title='bbox 292 1803 360 1844; x_wconf 86' lang='lat' dir='ltr'>vel</span> <span class='ocrx_word' id='word_1_289' title='bbox 373 1806 465 1858; x_wconf 64' lang='grc' dir='ltr'>πρὶς</span> <span class='ocrx_word' id='word_1_290' title='bbox 475 1807 519 1844; x_wconf 64' lang='grc' dir='ltr'>τὸ</span> <span class='ocrx_word' id='word_1_291' title='bbox 532 1802 722 1856; x_wconf 75' lang='grc' dir='ltr'>ἓπὸμενον,</span> <span class='ocrx_word' id='word_1_292' title='bbox 735 1805 799 1845; x_wconf 91' lang='lat' dir='ltr'>vel</span> <span class='ocrx_word' id='word_1_293' title='bbox 810 1807 899 1858; x_wconf 64' lang='grc' dir='ltr'>πρὶς</span> <span class='ocrx_word' id='word_1_294' title='bbox 909 1806 952 1844; x_wconf 62' lang='grc' dir='ltr'>τὶ</span> <span class='ocrx_word' id='word_1_295' title='bbox 964 1802 1058 1856; x_wconf 67' lang='grc' dir='ltr'><em>ἑξῆς.</em></span> <span class='ocrx_word' id='word_1_296' title='bbox 1072 1803 1144 1843; x_wconf 90' lang='lat' dir='ltr'>Sed</span> <span class='ocrx_word' id='word_1_297' title='bbox 1157 1803 1224 1843; x_wconf 84' lang='lat' dir='ltr'>uhi</span> <span class='ocrx_word' id='word_1_298' title='bbox 1238 1803 1376 1844; x_wconf 88' lang='lat' dir='ltr'>dicitur</span> <span class='ocrx_word' id='word_1_299' title='bbox 1387 1802 1471 1843; x_wconf 69' lang='grc' dir='ltr'>ἀντὶ</span> <span class='ocrx_word' id='word_1_300' title='bbox 1483 1802 1565 1854; x_wconf 77' lang='grc' dir='ltr'><strong><em>τοῦ,</em></strong></span> 
     </span>
     <span class='ocr_line' id='line_1_31' title="bbox 291 1856 1565 1912; baseline -0.002 -13"><span class='ocrx_word' id='word_1_301' title='bbox 291 1857 338 1899; x_wconf 85' lang='lat'>&amp;</span> <span class='ocrx_word' id='word_1_302' title='bbox 348 1857 458 1912; x_wconf 91' lang='lat' dir='ltr'>plura</span> <span class='ocrx_word' id='word_1_303' title='bbox 466 1858 663 1899; x_wconf 87' lang='lat' dir='ltr'>vocabula</span> <span class='ocrx_word' id='word_1_304' title='bbox 672 1857 970 1912; x_wconf 85' lang='lat' dir='ltr'>subiunguntur,</span> <span class='ocrx_word' id='word_1_305' title='bbox 980 1858 1103 1911; x_wconf 86' lang='lat' dir='ltr'>magis</span> <span class='ocrx_word' id='word_1_306' title='bbox 1111 1857 1366 1897; x_wconf 85' lang='lat' dir='ltr'>laborandum</span> <span class='ocrx_word' id='word_1_307' title='bbox 1375 1856 1443 1902; x_wconf 86' lang='lat' dir='ltr'>est,</span> <span class='ocrx_word' id='word_1_308' title='bbox 1457 1867 1502 1897; x_wconf 90' lang='lat' dir='ltr'>ut</span> <span class='ocrx_word' id='word_1_309' title='bbox 1511 1858 1565 1897; x_wconf 84' lang='lat' dir='ltr'>in-</span> 
     </span>
     <span class='ocr_line' id='line_1_32' title="bbox 291 1909 1563 1966; baseline 0 -14"><span class='ocrx_word' id='word_1_310' title='bbox 291 1912 420 1952; x_wconf 85' lang='lat' dir='ltr'>veniri</span> <span class='ocrx_word' id='word_1_311' title='bbox 438 1922 578 1966; x_wconf 86' lang='lat' dir='ltr'>queat,</span> <span class='ocrx_word' id='word_1_312' title='bbox 597 1913 703 1966; x_wconf 89' lang='lat' dir='ltr'>quod</span> <span class='ocrx_word' id='word_1_313' title='bbox 723 1925 814 1953; x_wconf 88' lang='lat' dir='ltr'>cum</span> <span class='ocrx_word' id='word_1_314' title='bbox 831 1910 901 1951; x_wconf 78' lang='grc' dir='ltr'>τοῦ</span> <span class='ocrx_word' id='word_1_315' title='bbox 919 1911 1202 1952; x_wconf 86' lang='lat' dir='ltr'>subaudiamus.</span> <span class='ocrx_word' id='word_1_316' title='bbox 1215 1911 1279 1951; x_wconf 82' lang='lat' dir='ltr'>Ac</span> <span class='ocrx_word' id='word_1_317' title='bbox 1296 1909 1563 1965; x_wconf 80' lang='lat' dir='ltr'>quaestionem</span> 
     </span>
     <span class='ocr_line' id='line_1_33' title="bbox 291 1963 1563 2020; baseline 0 -14"><span class='ocrx_word' id='word_1_318' title='bbox 291 1976 397 2006; x_wconf 90' lang='lat' dir='ltr'>certe</span> <span class='ocrx_word' id='word_1_319' title='bbox 415 1967 479 2006; x_wconf 87' lang='lat' dir='ltr'>hic</span> <span class='ocrx_word' id='word_1_320' title='bbox 493 1979 694 2020; x_wconf 81' lang='lat' dir='ltr'>propono,</span> <span class='ocrx_word' id='word_1_321' title='bbox 714 1966 753 2006; x_wconf 91' lang='lat' dir='ltr'>in</span> <span class='ocrx_word' id='word_1_322' title='bbox 765 1980 844 2020; x_wconf 87' lang='lat' dir='ltr'>qua</span> <span class='ocrx_word' id='word_1_323' title='bbox 856 1966 1088 2006; x_wconf 88' lang='lat' dir='ltr'>haerendum</span> <span class='ocrx_word' id='word_1_324' title='bbox 1098 1995 1113 2012; x_wconf 92' lang='lat'>,</span> <span class='ocrx_word' id='word_1_325' title='bbox 1127 1963 1282 2005; x_wconf 77' lang='lat' dir='ltr'>fortaffe</span> <span class='ocrx_word' id='word_1_326' title='bbox 1295 1965 1359 2005; x_wconf 88' lang='lat' dir='ltr'>vel</span> <span class='ocrx_word' id='word_1_327' title='bbox 1373 1963 1444 2004; x_wconf 80' lang='lat' dir='ltr'>illis</span> <span class='ocrx_word' id='word_1_328' title='bbox 1457 1965 1563 2019; x_wconf 79' lang='lat' dir='ltr'>ipsis,</span> 
     </span>
     <span class='ocr_line' id='line_1_34' title="bbox 290 2017 1564 2074; baseline -0.002 -14"><span class='ocrx_word' id='word_1_329' title='bbox 290 2020 360 2073; x_wconf 89' lang='lat' dir='ltr'>qui</span> <span class='ocrx_word' id='word_1_330' title='bbox 371 2020 572 2060; x_wconf 88' lang='lat' dir='ltr'>identidem</span> <span class='ocrx_word' id='word_1_331' title='bbox 583 2021 661 2060; x_wconf 91' lang='lat' dir='ltr'>hoc</span> <span class='ocrx_word' id='word_1_332' title='bbox 671 2020 854 2074; x_wconf 90' lang='lat' dir='ltr'>loquendi</span> <span class='ocrx_word' id='word_1_333' title='bbox 863 2032 1004 2074; x_wconf 81' lang='lat' dir='ltr'>genere</span> <span class='ocrx_word' id='word_1_334' title='bbox 1013 2020 1232 2064; x_wconf 76' lang='lat' dir='ltr'>utebantur,</span> <span class='ocrx_word' id='word_1_335' title='bbox 1243 2017 1382 2058; x_wconf 76' lang='lat' dir='ltr'>fuiffet.</span> <span class='ocrx_word' id='word_1_336' title='bbox 1395 2018 1468 2058; x_wconf 90' lang='lat' dir='ltr'>Sed</span> <span class='ocrx_word' id='word_1_337' title='bbox 1477 2030 1564 2058; x_wconf 90' lang='lat' dir='ltr'>tan-</span> 
     </span>
     <span class='ocr_line' id='line_1_35' title="bbox 289 2073 1563 2128; baseline 0 -15"><span class='ocrx_word' id='word_1_338' title='bbox 289 2073 406 2128; x_wconf 91' lang='lat' dir='ltr'>tisper</span> <span class='ocrx_word' id='word_1_339' title='bbox 419 2074 512 2115; x_wconf 90' lang='lat' dir='ltr'>dum</span> <span class='ocrx_word' id='word_1_340' title='bbox 529 2085 596 2114; x_wconf 89' lang='lat' dir='ltr'>aut</span> <span class='ocrx_word' id='word_1_341' title='bbox 611 2075 725 2121; x_wconf 81' lang='lat' dir='ltr'>mihi,</span> <span class='ocrx_word' id='word_1_342' title='bbox 738 2084 805 2114; x_wconf 89' lang='lat' dir='ltr'>aut</span> <span class='ocrx_word' id='word_1_343' title='bbox 818 2073 882 2113; x_wconf 90' lang='lat' dir='ltr'>alii</span> <span class='ocrx_word' id='word_1_344' title='bbox 893 2073 1090 2127; x_wconf 83' lang='lat' dir='ltr'>quippiam</span> <span class='ocrx_word' id='word_1_345' title='bbox 1109 2073 1235 2125; x_wconf 85' lang='lat' dir='ltr'>aptius</span> <span class='ocrx_word' id='word_1_346' title='bbox 1248 2073 1289 2111; x_wconf 87' lang='lat' dir='ltr'>in</span> <span class='ocrx_word' id='word_1_347' title='bbox 1308 2084 1475 2112; x_wconf 90' lang='lat' dir='ltr'>mentem</span> <span class='ocrx_word' id='word_1_348' title='bbox 1491 2086 1563 2114; x_wconf 87' lang='lat' dir='ltr'>ve-</span> 
     </span>
     <span class='ocr_line' id='line_1_36' title="bbox 291 2121 1563 2182; baseline -0.001 -15"><span class='ocrx_word' id='word_1_349' title='bbox 291 2129 388 2175; x_wconf 88' lang='lat' dir='ltr'>niat,</span> <span class='ocrx_word' id='word_1_350' title='bbox 402 2128 559 2182; x_wconf 90' lang='lat' dir='ltr'>perinde</span> <span class='ocrx_word' id='word_1_351' title='bbox 569 2126 644 2168; x_wconf 79' lang='lat' dir='ltr'>ess&#39;e</span> <span class='ocrx_word' id='word_1_352' title='bbox 656 2128 719 2168; x_wconf 91' lang='lat' dir='ltr'>aio</span> <span class='ocrx_word' id='word_1_353' title='bbox 729 2141 772 2168; x_wconf 90' lang='lat' dir='ltr'>ac</span> <span class='ocrx_word' id='word_1_354' title='bbox 782 2127 811 2167; x_wconf 77' lang='lat' dir='ltr'>si</span> <span class='ocrx_word' id='word_1_355' title='bbox 823 2128 1027 2176; x_wconf 89' lang='lat' dir='ltr'>diceretur,</span> <span class='ocrx_word' id='word_1_356' title='bbox 1037 2125 1120 2166; x_wconf 60' lang='lat' dir='ltr'>&amp;vd</span> <span class='ocrx_word' id='word_1_357' title='bbox 1133 2123 1199 2166; x_wconf 78' lang='grc' dir='ltr'>τοῦ</span> <span class='ocrx_word' id='word_1_358' title='bbox 1209 2121 1326 2166; x_wconf 76' lang='grc' dir='ltr'><strong><em>οὕτως</em></strong></span> <span class='ocrx_word' id='word_1_359' title='bbox 1337 2125 1491 2180; x_wconf 74' lang='grc' dir='ltr'>’ἔχοντος</span> <span class='ocrx_word' id='word_1_360' title='bbox 1503 2127 1563 2166; x_wconf 74' lang='grc' dir='ltr'>λό-</span> 
     </span>
    </p>
   </div>
   <div class='ocr_carea' id='block_1_3' title="bbox 292 2179 1620 2236">
    <p class='ocr_par' dir='ltr' id='par_1_3' title="bbox 292 2179 1620 2236">
     <span class='ocr_line' id='line_1_37' title="bbox 292 2179 1620 2236; baseline 0.001 -15"><span class='ocrx_word' id='word_1_361' title='bbox 292 2196 381 2236; x_wconf 61' lang='grc' dir='ltr'><strong><em>γου,</em></strong></span> <span class='ocrx_word' id='word_1_362' title='bbox 390 2183 478 2231; x_wconf 88' lang='lat' dir='ltr'>vel,</span> <span class='ocrx_word' id='word_1_363' title='bbox 494 2181 579 2222; x_wconf 77' lang='grc' dir='ltr'>ἀντὶ</span> <span class='ocrx_word' id='word_1_364' title='bbox 591 2179 661 2221; x_wconf 74' lang='grc' dir='ltr'>τοῦ</span> <span class='ocrx_word' id='word_1_365' title='bbox 671 2182 861 2235; x_wconf 61' lang='grc' dir='ltr'>λέγεσθαι</span> <span class='ocrx_word' id='word_1_366' title='bbox 873 2179 1047 2221; x_wconf 69' lang='grc' dir='ltr'><strong><em>εἰωθότος.</em></strong></span> <span class='ocrx_word' id='word_1_367' title='bbox 1063 2179 1273 2220; x_wconf 86' lang='lat' dir='ltr'>Falleretur</span> <span class='ocrx_word' id='word_1_368' title='bbox 1283 2180 1384 2220; x_wconf 85' lang='lat' dir='ltr'>enim</span> <span class='ocrx_word' id='word_1_369' title='bbox 1395 2211 1407 2230; x_wconf 86' lang='lat'>‚</span> <span class='ocrx_word' id='word_1_370' title='bbox 1421 2191 1464 2220; x_wconf 91' lang='lat' dir='ltr'>ut</span> <span class='ocrx_word' id='word_1_371' title='bbox 1477 2181 1562 2234; x_wconf 88' lang='lat' dir='ltr'>opi·</span> <span class='ocrx_word' id='word_1_372' title='bbox 1614 2220 1620 2223; x_wconf 86' lang='lat'>.</span> 
     </span>
    </p>
   </div>
   <div class='ocr_carea' id='block_1_4' title="bbox 290 2233 1561 2557">
    <p class='ocr_par' dir='ltr' id='par_1_4' title="bbox 290 2233 1561 2506">
     <span class='ocr_line' id='line_1_38' title="bbox 290 2233 1561 2289; baseline -0.002 -13"><span class='ocrx_word' id='word_1_373' title='bbox 290 2248 383 2283; x_wconf 88' lang='lat' dir='ltr'>nor,</span> <span class='ocrx_word' id='word_1_374' title='bbox 397 2236 466 2289; x_wconf 83' lang='lat' dir='ltr'>qui</span> <span class='ocrx_word' id='word_1_375' title='bbox 479 2234 715 2276; x_wconf 85' lang='lat' dir='ltr'>infinitivum</span> <span class='ocrx_word' id='word_1_376' title='bbox 729 2235 871 2288; x_wconf 68' lang='grc' dir='ltr'>λέγειν,</span> <span class='ocrx_word' id='word_1_377' title='bbox 884 2233 950 2274; x_wconf 93' lang='lat' dir='ltr'>vel</span> <span class='ocrx_word' id='word_1_378' title='bbox 970 2233 1102 2281; x_wconf 76' lang='grc' dir='ltr'><strong><em>εἰπεῖν,</em></strong></span> <span class='ocrx_word' id='word_1_379' title='bbox 1123 2233 1188 2273; x_wconf 91' lang='lat' dir='ltr'>vel</span> <span class='ocrx_word' id='word_1_380' title='bbox 1202 2233 1320 2274; x_wconf 88' lang='lat' dir='ltr'>alium</span> <span class='ocrx_word' id='word_1_381' title='bbox 1343 2234 1561 2274; x_wconf 88' lang='lat' dir='ltr'>huiusmodi</span> 
     </span>
     <span class='ocr_line' id='line_1_39' title="bbox 290 2286 1560 2344; baseline -0.002 -14"><span class='ocrx_word' id='word_1_382' title='bbox 290 2290 333 2330; x_wconf 84' lang='lat' dir='ltr'>in</span> <span class='ocrx_word' id='word_1_383' title='bbox 344 2290 440 2331; x_wconf 89' lang='lat' dir='ltr'>locis</span> <span class='ocrx_word' id='word_1_384' title='bbox 451 2289 580 2330; x_wconf 87' lang='lat' dir='ltr'>omitti</span> <span class='ocrx_word' id='word_1_385' title='bbox 591 2299 754 2344; x_wconf 85' lang='lat' dir='ltr'>putaret.</span> <span class='ocrx_word' id='word_1_386' title='bbox 769 2288 893 2328; x_wconf 86' lang='lat' dir='ltr'>Latini</span> <span class='ocrx_word' id='word_1_387' title='bbox 903 2288 1028 2329; x_wconf 87' lang='lat' dir='ltr'>dicere</span> <span class='ocrx_word' id='word_1_388' title='bbox 1038 2286 1181 2334; x_wconf 89' lang='lat' dir='ltr'>solent,</span> <span class='ocrx_word' id='word_1_389' title='bbox 1194 2302 1259 2341; x_wconf 88' lang='lat' dir='ltr'>pro</span> <span class='ocrx_word' id='word_1_390' title='bbox 1269 2304 1308 2327; x_wconf 83' lang='lat' dir='ltr'>eo</span> <span class='ocrx_word' id='word_1_391' title='bbox 1319 2290 1413 2340; x_wconf 86' lang='lat' dir='ltr'>quod</span> <span class='ocrx_word' id='word_1_392' title='bbox 1419 2290 1473 2341; x_wconf 84' lang='lat' dir='ltr'>est.</span> <span class='ocrx_word' id='word_1_393' title='bbox 1485 2287 1560 2327; x_wconf 89' lang='lat' dir='ltr'>Ce-</span> 
     </span>
     <span class='ocr_line' id='line_1_40' title="bbox 291 2340 1559 2397; baseline -0.002 -13"><span class='ocrx_word' id='word_1_394' title='bbox 291 2340 419 2384; x_wconf 86' lang='lat' dir='ltr'>terum</span> <span class='ocrx_word' id='word_1_395' title='bbox 432 2343 606 2397; x_wconf 86' lang='lat' dir='ltr'>exempla</span> <span class='ocrx_word' id='word_1_396' title='bbox 620 2343 760 2383; x_wconf 89' lang='lat' dir='ltr'>horum</span> <span class='ocrx_word' id='word_1_397' title='bbox 772 2342 987 2383; x_wconf 85' lang='lat' dir='ltr'>verborum</span> <span class='ocrx_word' id='word_1_398' title='bbox 1002 2341 1086 2382; x_wconf 76' lang='grc' dir='ltr'>ἁντ)</span> <span class='ocrx_word' id='word_1_399' title='bbox 1099 2340 1167 2381; x_wconf 77' lang='grc' dir='ltr'>τοῦ</span> <span class='ocrx_word' id='word_1_400' title='bbox 1179 2341 1294 2381; x_wconf 90' lang='lat' dir='ltr'>talem</span> <span class='ocrx_word' id='word_1_401' title='bbox 1308 2341 1420 2381; x_wconf 87' lang='lat' dir='ltr'>usum</span> <span class='ocrx_word' id='word_1_402' title='bbox 1439 2341 1559 2382; x_wconf 76' lang='grc' dir='ltr'><strong><em>ἑλλει·</em></strong></span> 
     </span>
     <span class='ocr_line' id='line_1_41' title="bbox 291 2395 1558 2450; baseline -0.002 -12"><span class='ocrx_word' id='word_1_403' title='bbox 291 2396 442 2438; x_wconf 68' lang='grc' dir='ltr'><strong><em>πτικὲὖς</em></strong></span> <span class='ocrx_word' id='word_1_404' title='bbox 454 2397 681 2438; x_wconf 88' lang='lat' dir='ltr'>habentium</span> <span class='ocrx_word' id='word_1_405' title='bbox 699 2395 923 2450; x_wconf 87' lang='lat' dir='ltr'>frequenter</span> <span class='ocrx_word' id='word_1_406' title='bbox 936 2396 1007 2435; x_wconf 89' lang='lat' dir='ltr'>tibi</span> <span class='ocrx_word' id='word_1_407' title='bbox 1018 2406 1247 2436; x_wconf 84' lang='lat' dir='ltr'>occurrent:</span> <span class='ocrx_word' id='word_1_408' title='bbox 1266 2405 1382 2448; x_wconf 89' lang='lat' dir='ltr'>atque</span> <span class='ocrx_word' id='word_1_409' title='bbox 1402 2396 1499 2436; x_wconf 90' lang='lat' dir='ltr'>adeo</span> <span class='ocrx_word' id='word_1_410' title='bbox 1517 2396 1558 2436; x_wconf 92' lang='lat' dir='ltr'>in</span> 
     </span>
     <span class='ocr_line' id='line_1_42' title="bbox 292 2449 1362 2506; baseline -0.005 -13"><span class='ocrx_word' id='word_1_411' title='bbox 292 2463 345 2493; x_wconf 85' lang='lat' dir='ltr'>eo</span> <span class='ocrx_word' id='word_1_412' title='bbox 355 2482 369 2503; x_wconf 94' lang='lat'>,</span> <span class='ocrx_word' id='word_1_413' title='bbox 383 2451 491 2506; x_wconf 91' lang='lat' dir='ltr'>quod</span> <span class='ocrx_word' id='word_1_414' title='bbox 503 2451 679 2506; x_wconf 85' lang='lat' dir='ltr'>proxime</span> <span class='ocrx_word' id='word_1_415' title='bbox 692 2449 876 2505; x_wconf 87' lang='lat' dir='ltr'>sequitur,</span> <span class='ocrx_word' id='word_1_416' title='bbox 889 2450 1005 2492; x_wconf 86' lang='lat' dir='ltr'>huius</span> <span class='ocrx_word' id='word_1_417' title='bbox 1017 2450 1157 2502; x_wconf 87' lang='lat' dir='ltr'>capitis</span> <span class='ocrx_word' id='word_1_418' title='bbox 1168 2458 1362 2489; x_wconf 87' lang='lat' dir='ltr'>tmemate.</span> 
     </span>
    </p>

    <p class='ocr_par' dir='ltr' id='par_1_5' title="bbox 357 2498 1557 2557">
     <span class='ocr_line' id='line_1_43' title="bbox 357 2498 1557 2557; baseline -0.003 -10"><span class='ocrx_word' id='word_1_419' title='bbox 357 2505 415 2547; x_wconf 83' lang='lat' dir='ltr'>At</span> <span class='ocrx_word' id='word_1_420' title='bbox 434 2518 532 2548; x_wconf 87' lang='lat' dir='ltr'>vero</span> <span class='ocrx_word' id='word_1_421' title='bbox 548 2506 617 2547; x_wconf 87' lang='lat' dir='ltr'>ubi</span> <span class='ocrx_word' id='word_1_422' title='bbox 636 2505 751 2555; x_wconf 80' lang='lat' dir='ltr'>dicit,</span> <span class='ocrx_word' id='word_1_423' title='bbox 769 2502 817 2548; x_wconf 70' lang='grc' dir='ltr'>ὣς</span> <span class='ocrx_word' id='word_1_424' title='bbox 833 2499 936 2553; x_wconf 69' lang='grc' dir='ltr'><strong><em>ἔνιοι,</em></strong></span> <span class='ocrx_word' id='word_1_425' title='bbox 961 2503 1027 2557; x_wconf 74' lang='lat' dir='ltr'>yel</span> <span class='ocrx_word' id='word_1_426' title='bbox 1043 2498 1092 2546; x_wconf 66' lang='grc' dir='ltr'>ὦς</span> <span class='ocrx_word' id='word_1_427' title='bbox 1114 2502 1224 2551; x_wconf 77' lang='grc' dir='ltr'><strong><em>τινὲς,</em></strong></span> <span class='ocrx_word' id='word_1_428' title='bbox 1241 2501 1479 2554; x_wconf 78' lang='lat' dir='ltr'>manifestum</span> <span class='ocrx_word' id='word_1_429' title='bbox 1502 2502 1557 2546; x_wconf 87' lang='lat' dir='ltr'>est</span> 
     </span>
    </p>
   </div>
  </div>
 </body>
</html>
