1690 3120
295 234 356 296 78
489 228 1368 278 ANNOTATIONES

265 363 270 369 ,
294 333 383 361 mus
393 350 407 367 ,
423 320 698 373 Thucydidem
713 331 830 361 omne
845 321 1030 361 novitatis
1043 332 1166 375 genus
1178 321 1215 361 in
1227 321 1297 362 suo
1310 321 1492 363 scribendi
1505 335 1570 377 ge-

295 387 388 414 nere
400 374 631 424 consedhuri,
650 387 778 414 tamen
794 375 850 414 illi
865 374 1008 415 venisse
1020 376 1060 415 in
1073 386 1240 416 mentem
1256 377 1327 416 hac
1341 379 1455 416 etiam
1469 377 1570 417 enal-

295 428 382 481 lage
403 429 485 476 uti,
503 442 582 482 qua
603 441 753 482 tempus
769 430 1016 482 praeteritum
1037 443 1110 482 pro
1127 429 1263 470 futuro
1281 441 1464 484 poneret,
1482 432 1570 484 quis
1611 474 1613 476 ,
1659 422 1661 427 ’

296 482 335 521 id
356 481 471 523 fidem
495 482 673 534 superare
696 496 775 522 non
800 483 924 524 dicat?
947 482 1009 522 Ac
1024 483 1246 536 responderi
1262 485 1418 538 quidem
1434 484 1572 539 poffit,

298 537 387 576 ideo
399 536 529 577 dixisse
540 537 810 589 Thucydidem
820 537 954 591 fi'2Pfi2
971 549 1052 577 non
1067 547 1195 577 autem
1198 538 1359 590 scribam,
1375 539 1482 592 quod
1492 539 1571 579 iam

299 600 423 630 totam
437 590 631 631 historiam
648 589 845 644 scripsisset
856 621 866 638 ,
886 603 975 630 cum
989 591 1034 630 ad
1072 592 1236 630 rooemii
1249 591 1493 646 scriptionem
1507 605 1589 633 ve-.

298 645 374 684 nit:
390 644 450 685 sed
466 645 556 685 mihi
569 658 647 685 non
657 645 819 685 dubium
835 643 890 684 est
904 674 915 692 ‚
934 645 1028 698 quin
1070 644 1268 685 choliastes
1281 646 1371 686 illud
1384 657 1574 687 annotans

300 698 380 738 alio
404 698 621 753 respexerit.
643 698 754 751 Quid
779 699 894 752 igitur
914 711 1007 739 eum
1029 698 1098 738 fibi
1116 698 1280 739 voluisse
1298 710 1456 753 putem,
1479 700 1574 740 illud

299 751 544 800 scribentem,
561 753 727 807 primum
740 753 959 792 declarabo:
977 752 1125 800 deinde,
1136 765 1187 792 an
1201 754 1253 792 ita
1264 754 1371 807 loqui
1385 754 1575 807 aenigma·

299 807 378 847 tice
393 807 585 856 debuerit,
603 805 784 847 censurae
800 818 890 846 tuae
901 806 1126 859 relinquam.
1142 805 1300 847 Dinum
1315 808 1363 847 ab
1382 807 1448 848 illo
1460 819 1576 848 antea

301 859 397 910 fuit,
412 861 689 913 Thucydidem
703 859 900 900 historiam
918 861 1021 914 prius
1036 874 1154 913 quam
1166 861 1252 900 eius
1268 861 1473 903 difflonem
1488 861 1577 902 scri—

329 914 432 962 fiffe,
449 915 495 969 (si
512 916 598 969 quis
613 915 719 955 hunc
735 915 818 954 eius
830 913 1045 955 sermonem
1060 915 1111 954 ita
1125 915 1416 968 interpretetur,
1430 927 1474 955 ut
1485 929 1576 956 ver-

299 929 398 1010 ssum
412 970 538 1010 verbo
553 969 684 1009 reddat
694 999 705 1015 ,
724 964 875 1020 ὕστερον
891 967 1107 1022 ξυνέγραψε
1119 968 1187 1008 τὴν
1199 968 1301 1020 λέξιν
1314 967 1380 1010 τῆς
1392 968 1585 1024 ἱστορίας)-

302 1024 340 1062 id
353 1022 427 1072 est,
443 1023 718 1075 Thucydidem
728 1053 742 1069 ,
760 1021 846 1076 post
865 1023 1190 1075 extemporariam
1203 1022 1397 1077 quandam
1411 1023 1451 1064 &
1465 1019 1579 1063 αὖτο-

303 1077 482 1132 σχέὲιον,
503 1077 668 1131 ideoque
686 1077 821 1117 rudem
842 1077 883 1117 ὅ(
905 1076 1118 1128 impolitam
1134 1075 1312 1117 historiae
1330 1076 1576 1131 scriptionem

301 1131 402 1186 (per
419 1131 567 1172 summa
580 1140 731 1182 tantum
744 1161 754 1178 ‚
770 1140 815 1170 ut
833 1130 1012 1170 credibile
1023 1130 1100 1177 est,
1117 1130 1269 1184 capita)
1283 1131 1442 1171 eandem
1455 1132 1578 1185 magis

302 1197 489 1226 accurato
513 1184 691 1226 sermone
721 1183 944 1238 pleniusque
965 1183 1234 1238 conscripsisse.
1259 1184 1421 1238 Colligit
1445 1196 1577 1226 autem

303 1240 383 1280 hoc
395 1253 445 1280 ex
455 1252 527 1287 eo,
548 1239 656 1294 quod
670 1252 694 1278 a
706 1239 939 1291 Thucydide
953 1238 1087 1278 dicitur
1100 1239 1139 1277 in
1153 1238 1230 1278 hoc
1245 1239 1450 1292 prooemio
1463 1252 1498 1279 c.
1515 1253 1530 1278 x
1540 1254 1578 1294 3,

308 1296 464 1348 Suntque
476 1324 490 1341 ‚
508 1310 552 1334 ex
563 1308 629 1347 quo
642 1294 697 1333 lzic
710 1296 760 1332 ad
771 1294 909 1332 Samios
929 1293 1043 1342 venit,
1061 1292 1144 1332 anni
1164 1291 1266 1347 usque
1285 1295 1454 1344 adfinem
1471 1293 1589 1343 hubis<

305 1349 406 1398 belli,
424 1364 494 1388 non
511 1363 624 1388 nunus
643 1363 745 1401 quam
761 1346 906 1386 trecenti.
932 1346 1156 1399 Quomodo
1177 1359 1280 1386 enim
1304 1347 1580 1399 Thucydides,
1610 1383 1619 1385 ,Α
1660 1350 1674 1373 Γ

305 1401 336 1442 fi
351 1402 451 1443 hanc
460 1401 673 1448 historiam,
690 1400 842 1454 qualem
856 1400 1059 1447 habemus,
1069 1413 1148 1440 non
1163 1400 1275 1441 finito
1290 1401 1367 1440 iam
1380 1401 1482 1442 bello
1496 1401 1582 1442 scri·

305 1455 455 1511 pfiffet,
473 1455 535 1496 sed
555 1455 738 1509 paulatim
758 1455 850 1495 dum
869 1465 1078 1507 gereretur,
1092 1454 1201 1494 &ita
1221 1466 1266 1495 ut
1285 1468 1373 1495 cum
1388 1455 1476 1496 belli
1489 1468 1582 1510 pro-

307 1509 437 1564 gressu
462 1511 500 1550 in
522 1523 595 1557 ea,
614 1522 732 1563 quam
749 1509 957 1554 habemus,
971 1507 1176 1562 scriptione
1199 1510 1515 1562 progrederetur,
1542 1510 1586 1550 in

305 1563 391 1619 ipso
405 1565 530 1619 princi
560 1564 600 1604 io
614 1564 848 1604 mentionem
867 1561 953 1602 finis
967 1562 1093 1603 facere
1108 1562 1311 1617 potuiss'et?
1323 1563 1586 1604 Animadver-
1650 1582 1663 1593 ³
1679 1574 1682 1580 ‘

309 1619 470 1659 tendum
493 1579 711 1666 eifautem,
734 1631 823 1657 eum
843 1617 992 1664 dicere,
1011 1618 1088 1657 hinc
1111 1617 1211 1656 etiam
1234 1617 1495 1671 cognoscendum
1518 1620 1588 1672 est,-

306 1683 492 1726 tanquam
505 1673 548 1714 δι
559 1671 634 1719 alii,
647 1673 714 1725 qui
725 1684 798 1711 nos
813 1672 888 1711 hoc
900 1673 1086 1718 doceant,
1102 1670 1174 1710 sint
1190 1670 1278 1711 loci.
1290 1671 1476 1712 Ceterum
1489 1685 1584 1712 cum

309 1727 388 1768 hoc
402 1728 455 1766 ita
468 1726 534 1773 fit,
551 1737 706 1780 poterat
720 1726 897 1778 quidem,
915 1725 962 1765 ad
979 1724 1172 1764 historiam
1190 1725 1263 1764 iam
1287 1738 1309 1765 a
1328 1724 1366 1765 se
1385 1723 1587 1778 αὐτοσχε-

311 1781 382 1831 ἒίῳ
401 1780 530 1835 γραφῇ
554 1779 731 1834 scriptam
752 1779 973 1833 respiciens,
992 1779 1137 1827 dicere,
1150 1779 1274 1832 scripsi
1281 1794 1292 1819 .·
1312 1777 1373 1820 sed
1393 1791 1587 1833 quatenus

311 1834 496 1876 le&orem
514 1834 799 1888 alloquebatur,
817 1833 970 1873 cui-hoc
985 1834 1161 1888 ignotum
1174 1832 1249 1873 effe
1263 1832 1467 1874 verisimile
1481 1845 1564 1873 erat
1572 1853 1591 1883 ‚·
1656 1823 1666 1886 ’

313 1890 455 1930 merito
470 1889 640 1935 dicebat,
649 1889 807 1942 scribam.
820 1887 905 1927 Aut
926 1887 999 1940 (ut
1020 1888 1176 1928 brevius
1195 1886 1364 1941 loquar)
1388 1887 1520 1934 illum,
1538 1888 1588 1928 ad
1651 1907 1659 1931 ῃ

312 1943 468 1984 suarum
481 1943 733 1996 scriptionum
747 1942 917 1996 priorem
931 1940 1187 1995 respiciendo,
1204 1940 1333 1981 dixisse
1341 1941 1478 1996 firipfi:
1495 1954 1587 1982 cum

314 1998 444 2038 habita
458 1997 680 2052 posterioris
694 1997 845 2037 ratione
855 1995 1057 2035 dicendum
1070 1994 1194 2044 foret,
1202 1995 1361 2047 firibam.
1378 1996 1491 2035 Hanc
1504 1994 1590 2036 fuis·

314 2051 352 2092 se
366 2063 532 2092 mentem
547 2050 779 2091 enarratoris
789 2081 802 2098 ‚
822 2050 913 2090 dum
925 2049 988 2089 illa
1000 2048 1179 2089 scriberet
1190 2080 1200 2096 ,
1216 2062 1333 2090 nemo
1349 2055 1413 2101 (ut
1425 2049 1590 2104 opinor)

316 2106 413 2147 mihi
426 2105 641 2159 negaverit.
656 2103 712 2144 At
735 2117 840 2144 nunc
858 2103 1009 2143 lectoris
1030 2103 1177 2142 iudicio
1198 2115 1316 2156 atque
1338 2103 1436 2143 adeo
1454 2101 1592 2144 censu·

316 2173 382 2200 rae
396 2160 458 2214 (ut
471 2159 621 2199 aiebam
637 2158 774 2212 modo)
787 2157 1015 2250 relirhquam,
1029 2156 1318 2210 loquendumne
1331 2156 1386 2197 illi
1396 2157 1447 2197 ita
1463 2156 1591 2206 fuerit,

317 2224 365 2254 ut
379 2214 553 2267 aenigma
566 2212 759 2266 quoddam
774 2210 796 2250 s
792 2212 864 2251 ube
896 2224 918 2252 e
1109 2211 1116 2218 ’

316 2281 399 2308 non
413 2269 544 2322 potius
559 2265 874 2306 considerandum
898 2263 1034 2311 fuerit,
1051 2264 1144 2305 haec
1157 2264 1206 2303 ab
1220 2265 1287 2305 illo
1304 2265 1376 2305 dici
1393 2266 1433 2304 in
1447 2278 1591 2318 prooe-

317 2322 400 2363 mio
409 2351 424 2370 ,
443 2322 550 2376 quod
564 2320 661 2361 alius
674 2320 790 2360 etiam
804 2318 966 2372 quilibet
980 2317 1182 2358 historicus
1194 2316 1284 2358 suae
1297 2318 1473 2359 historiae
1487 2332 1591 2373 prae-

318 2375 441 2430 figens
452 2405 463 2423 ,
483 2376 531 2416 de
542 2387 587 2415 ea
606 2382 792 2427 tanquam
807 2374 882 2413 iam
897 2371 1032 2426 scripta
1046 2371 1154 2425 loqui
1171 2372 1315 2425 potest,
1331 2372 1477 2413 etiamsi
1491 2385 1591 2413 non·

320 2431 412 2471 dum
426 2428 564 2484 scripta
575 2427 620 2468 fit
631 2459 645 2476 ,
661 2426 723 2467 sed
737 2438 887 2467 tantum
903 2426 1062 2466 materia
1073 2427 1120 2466 ad
1131 2427 1212 2474 eius
1226 2425 1470 2480 scriptionem
1485 2439 1592 2480 prae·
1666 2445 1681 2461 ,.

318 2493 472 2539 parata,
490 2494 559 2523 aut
572 2483 686 2523 etiam
703 2482 852 2521 animus
866 2490 1016 2520 tantum
1032 2479 1094 2532 (ut
1106 2480 1155 2519 ita
1172 2480 1313 2534 dicam)
1326 2481 1372 2520 ad
1385 2493 1470 2520 eam
1486 2493 1592 2533 prae·
1656 2479 1668 2526 ὲ,

320 2547 486 2594 paratus,
495 2537 596 2580 Vide
609 2535 650 2577 δι
663 2548 762 2590 quae
775 2535 961 2577 annotavi
977 2535 1014 2574 in
1027 2534 1135 2575 illum
1148 2547 1182 2575 c.
1194 2546 1246 2588 97
1261 2533 1410 2582 locum,
1423 2533 1466 2590 ἕ)
1478 2534 1590 2588 paeda
1655 2562 1675 2599 ¹¹⁴,

936 2211 1065 2250 verbis
1085 2223 1165 2251 eius
1187 2211 1309 2251 videri
1325 2210 1458 2265 poffit:
1474 2211 1516 2251 δι
1539 2224 1589 2252 an
1652 2199 1683 2261 J?
