1690 3120
205 210 358 275 11ss
449 207 1331 262 ANNOTATIONES

257 313 329 354 per
343 313 487 341 annum
500 302 728 343 ibivoluiffe
738 303 996 349 commorari,
1019 312 1223 355 antequam
1245 302 1293 341 ad
1313 313 1443 354 regem
1463 304 1530 341 aci

260 354 429 401 cederet,
445 357 550 409 quod
562 358 748 409 cogitaret
760 357 796 397 se
809 358 958 398 interim
973 368 1222 409 experturum
1235 354 1529 396 Atheniensium

259 407 448 457 animum,
465 423 538 450 nec
555 410 668 464 plane
681 410 894 463 desperaret
910 411 1100 456 futurum,
1113 421 1178 456 ut,
1197 407 1418 463 priusquam
1431 419 1530 448 tem-

260 474 336 515 pus
347 461 437 502 illud
448 462 677 513 elaberetur,
691 465 811 518 ipsum
826 474 1066 505 revocarent.
1079 464 1232 503 Sum.

315 518 388 555 ead.
413 517 438 557 l.
462 531 521 571 13.
546 518 644 558 Ἀντὶ
665 518 732 558 τοῦ
753 517 932 571 ἒιέὂνοιι)
961 518 1061 558 Vide
1084 516 1267 570 Stephani
1288 514 1464 569 Append.
1481 513 1530 555 ad

262 567 411 621 Scripta
431 570 478 610 al.
497 571 542 611 de
562 571 721 611 Diale&
735 572 818 612 Att.
838 586 875 625 p.
895 571 979 622 164.
993 572 1133 612 Huns.
1148 570 1366 624 Stephanus
1377 569 1433 610 ibi
1446 569 1532 609 reii-

264 622 317 663 cit
329 622 552 664 sententiam
566 625 809 666 Scholiastae.

317 680 388 716 ead.
401 678 424 716 I.
441 692 499 728 14.
510 679 578 732 Ἐγ
585 680 716 730 κώμιον
728 677 1042 732 Θεμιστοκλέους)
1056 677 1169 717 Addit
1181 675 1251 718 Ms.
1263 675 1347 717 Bas.
1359 674 1447 716 Τοὺς
1457 690 1532 726 μοι·

259 731 368 782 κροὺς
383 731 552 772 ἐπαίνους
572 734 606 773 ἐν
623 733 771 773 τούτοις
787 732 1012 786 ἀνέτρεψας,
1026 731 1252 778 Θουκιὸίὲη,
1268 729 1415 784 ἄφρονος
1426 729 1532 783 ἔργον

260 784 396 838 ἀνδρὸς
409 785 633 839 δεδρακέναι
645 787 791 840 ἓείξοις.
806 787 837 826 εἰ
853 789 937 839 γὰρ
949 785 992 825 τὸ
1001 786 1154 838 μέλλον,
1169 782 1217 825 ὦς
1238 783 1342 834 ἔφης,
1358 784 1532 837 προὲβλε-

261 852 335 878 arev
353 838 369 877 ὃ
390 840 662 891 Θεμιστοκλῆς,
674 841 756 881 πῶς
772 839 800 880 ἃ.
818 840 872 891 μὴ
889 834 925 881 ἦν
938 839 1106 879 δυνατὸς
1125 842 1283 879 τελέσαι
1297 835 1505 890 ὑπέσχετο
1519 865 1532 885 ‚

262 891 318 943 μὴ
330 893 514 945 προγνοὺς
524 892 571 934 ὣς
584 893 603 937 ἦ
616 895 690 936 τῶν
702 893 876 936 Ἑλλήνων
889 892 1007 948 ἰσχὺς
1021 894 1340 947 &nava->lamnas
1351 888 1391 935 fir
1404 893 1445 932 εἰι
1456 889 1532 933 τοῖν

261 947 524 998 προλαβόντων
534 963 547 996 ;

317 1002 391 1039 ead.
404 1002 428 1041 l.
444 1015 458 1040 1
471 1015 503 1055 5.
516 1002 575 1041 Εἰς
589 1003 651 1042 τὴν
665 1001 785 1054 ἰσχὺν
795 1001 861 1042 wie
871 1000 1038 1055 φύσεως)
1054 1000 1112 1040 Εἰς
1123 999 1187 1040 τὶν
1196 997 1324 1052 φύσιν.
1335 997 1434 1040 Cass'.

319 1057 395 1094 ead.
408 1055 431 1095 l.
450 1069 464 1094 ι
473 1070 511 1106 7.
521 1051 624 1096 Ἄνευ
634 1057 828 1106 μαθήσεως
842 1056 907 1096 τὴν
923 1054 1088 1109 ξύνεσιν)
1107 1055 1218 1095 Haec
1228 1054 1267 1094 in
1280 1052 1379 1094 Cass'.
1391 1051 1533 1094 refere-

263 1106 406 1148 bantur
424 1109 472 1148 ad
493 1124 532 1150 v.
547 1109 705 1162 ξυνέσει.

320 1165 393 1202 ead.
407 1163 431 1202 l.
450 1162 510 1203 18.
523 1163 720 1218 Ἄγαγον)
736 1163 975 1217 Εἰσαγαγὼν
992 1161 1091 1203 Caff.

320 1219 394 1256 ead.
407 1217 432 1256 l.
451 1219 697 1270 19.''H‘tot‘t³.w
712 1218 821 1271 ἰσχ.)
836 1218 962 1256 Immo
977 1230 1075 1258 vero
1089 1214 1203 1256 afim
1220 1215 1264 1255 ad
1281 1214 1429 1268 ξύνεσιν
1440 1213 1536 1255 refe-

265 1281 397 1310 ramus
408 1271 554 1326 necesse
567 1270 641 1318 est,
656 1285 744 1312 cum
759 1272 935 1324 proxime
949 1271 1148 1324 praecedat
1163 1270 1315 1322 ξυνέσει.
1327 1269 1480 1310 STEPH.

321 1327 396 1364 ead.
410 1325 434 1364 l.
455 1339 517 1365 22.
528 1325 594 1366 ‘nv
609 1325 814 1378 θ’ἂπειρος
827 1348 873 1356 -
892 1324 1043 1379 ἱκανῶς)
1059 1325 1151 1364 Non
1165 1324 1302 1364 suntin
1315 1322 1414 1364 Caff.

321 1382 397 1418 ead.
410 1379 433 1417 l.
454 1378 516 1417 28.
529 1379 701 1430 Ἐτοίμως
711 1378 859 1433 λέγειν)
875 1378 1023 1431 Quidni
1035 1380 1147 1418 etiam
1164 1378 1368 1429 πράττεινὲ
1385 1376 1536 1418 Etenim

269 1442 337 1471 aut
352 1432 464 1473 valde
475 1431 603 1479 fallor,
616 1445 682 1472 aut
697 1446 778 1473 non
792 1444 871 1472 tam
885 1433 1068 1486 loquendi
1079 1433 1252 1486 expedite
1262 1461 1276 1478 ,
1291 1444 1409 1485 quam
1423 1443 1538 1484 agen-

268 1485 306 1525 di
321 1487 483 1540 proprio
496 1499 545 1527 ex
557 1487 719 1528 confilio
732 1498 846 1541 atque
861 1499 910 1527 ex
925 1499 1102 1540 tempore
1119 1488 1174 1526 τὰ
1188 1485 1322 1526 θέοντα
1334 1486 1537 1526 invenien-

267 1539 308 1579 ·di
323 1541 404 1580 vim
424 1553 469 1580 ac
485 1538 706 1582 facultatem
719 1542 845 1581 innuit
858 1541 896 1580 h.
912 1541 935 1580 1.
952 1540 1101 1589 ειιιξὶοτ,
1116 1540 1156 1580 δι
1172 1539 1339 1593 generali
1353 1539 1450 1579 adeo
1463 1551 1538 1579 no-

265 1594 378 1635 tione
394 1594 558 1635 verbum
580 1594 677 1635 istud
693 1595 857 1635 adhibet.
872 1594 1012 1635 Melius
1026 1595 1156 1648 igitur,
1170 1606 1287 1647 quam
1310 1594 1539 1647 interpretes

270 1647 418 1698 Latini,
440 1648 571 1689 locum
593 1649 697 1690 hunc
711 1649 804 1689 mihi
823 1649 977 1689 videtur
993 1648 1165 1690 Gallicus
1177 1646 1422 1688 transtulisse:
1442 1648 1471 1687 il
1487 1662 1539 1687 re-

267 1702 356 1754 gloz‘t
370 1703 560 1756 toutesbrte
574 1703 752 1757 d'affizires
765 1720 803 1743 en
817 1719 864 1743 un
875 1704 1011 1756 instant.
1026 1702 1218 1743 GRAMM.

323 1761 397 1796 ead.
414 1758 438 1796 l.
456 1771 474 1811 3
489 1771 517 1796 ι.
537 1757 655 1797 Πόλις
666 1757 832 1812 Καρίαςὸ
848 1756 990 1812 Μυοῦς)
1005 1756 1224 1810 Stephanus
1239 1757 1282 1796 δι
1294 1755 1355 1795 alii
1366 1755 1540 1808 Myunta

268 1809 404 1851 Ioniae
417 1811 553 1852 urbem
575 1810 731 1852 faciunt.
747 1813 872 1852 Videat
887 1825 985 1862 ergo,
1001 1811 1126 1864 inquit
1137 1809 1344 1852 Briffonius
1356 1810 1376 1850 1
1395 1810 1442 1850 de
1460 1809 1541 1850 Re-

271 1876 355 1917 gno
366 1865 509 1906 Persar.
524 1879 610 1920 pag.
627 1879 701 1906 102
713 1896 725 1914 ,
753 1866 964 1919 Thucydidis
985 1866 1144 1918 interpres
1154 1895 1169 1912 ,
1187 1879 1254 1917 quo
1267 1863 1514 1916 aubloreftetus
1524 1894 1540 1912 ,

269 1917 449 1959 Μυοῦντα,
460 1920 571 1960 πόλιν
588 1920 794 1973 Koepn'oweffe
802 1919 984 1974 scripserit.
996 1919 1216 1959 Lederlinus
1227 1918 1276 1957 ibi
1287 1928 1408 1972 putat,
1424 1917 1542 1958 Scho-

271 1971 404 2013 liasten
419 1973 540 2014 videri
562 1973 761 2028 respexisse
785 1974 832 2014 ad
853 1974 1073 2027 antiquiora
1096 1984 1292 2026 tempora,
1307 1972 1474 2025 quibus,
1497 1982 1543 2012 ut

270 2025 516 2080 Pherecydes
527 2029 629 2081 apud
643 2027 872 2068 Strabonem
886 2028 948 2067 lib.
959 2027 1056 2068 XIV
1071 2027 1109 2066 in
1127 2027 1243 2080 princ.
1258 2025 1402 2073 scribit,
1421 2024 1544 2066 Cares

273 2080 478 2128 Miletum,
506 2082 740 2134 Myuntem,
766 2082 807 2122 δι
829 2094 931 2135 quae
951 2082 1053 2122 circa
1077 2079 1262 2132 Mycalen
1286 2080 1326 2120 δι
1350 2078 1542 2132 Ephesum

272 2132 385 2179 sunt,
405 2135 597 2175 tenebant.
613 2136 704 2175 Hoc
717 2149 856 2176 verum
877 2134 943 2174 est.
960 2135 1060 2174 Nam
1081 2135 1189 2187 regio
1210 2133 1294 2180 illa,
1311 2146 1412 2187 quae
1431 2132 1543 2174 Ionia

274 2187 466 2241 appellata
478 2188 552 2238 est,
569 2188 772 2242 postquam
787 2201 871 2229 eam
885 2188 1029 2228 Neleus
1046 2188 1208 2228 coloniis
1219 2186 1359 2227 Ionum
1373 2199 1544 2240 occupa·

274 2242 335 2283 vit
344 2272 356 2290 ‚
374 2253 487 2284 antea
500 2255 522 2282 a
534 2243 824 2296 Mygdonibus,
840 2242 1004 2283 Caribus
1013 2271 1028 2288 ,
1046 2241 1249 2294 Lelegibus
1258 2272 1270 2289 ‚
1288 2239 1448 2294 aliisque
1459 2240 1545 2280 bar.

275 2295 380 2336 baris
392 2296 610 2345 tenebatur,
631 2306 674 2336 ut
687 2296 798 2336 tradit
818 2295 1002 2337 Aelianus
1015 2294 1112 2335 VIII
1123 2296 1219 2334 Var.
1238 2294 1335 2334 Hist.
1350 2308 1384 2348 5.
1405 2294 1544 2348 Itaque

275 2350 393 2391 etiam
409 2350 635 2390 Herodotus
650 2349 688 2399 Ι,
713 2364 786 2404 152
799 2381 810 2398 ,
835 2351 1046 2402 Myuntem
1059 2348 1196 2389 Cariae
1209 2347 1283 2388 esse
1296 2348 1396 2388 dicit.

332 2405 406 2443 ead.
422 2404 445 2443 l.
460 2402 675 2457 32.“Oo·7reg›
686 2403 959 2457 σχετλιάζων)
975 2404 1066 2442 Νοη
1086 2403 1196 2442 aliter
1210 2402 1430 2455 accipienda
1447 2401 1546 2442 haec

278 2454 389 2504 sunt,
405 2470 523 2511 quam
535 2457 563 2498 fi
577 2458 714 2499 diceret
723 2489 735 2508 ‚
751 2457 954 2498 verisimile
967 2455 1042 2497 effe
1051 2456 1323 2507 Thucydidem
1336 2456 1432 2496 haec
1444 2455 1547 2496 dice·

278 2522 323 2554 re
335 2508 460 2565 ὥσπερ
474 2513 767 2567 σχετλιάζοντα
778 2511 843 2556 ml
855 2511 1122 2565 ἀνοιμώζοντοι.
1133 2510 1339 2552 Affirmare
1351 2510 1455 2552 enim
1470 2509 1548 2551 hoc
