1690 3120
321 214 397 269 ,94-
524 202 1419 254 ΆΝΝΟΤΑΤῙΟΝΕΒ

326 293 445 333 etiam
458 291 506 333 de
517 292 652 334 causa:
677 292 735 341 &‚
754 306 843 335 cum
857 306 941 334 rem
954 293 1122 348 aliquam
1133 294 1186 334 ob
1202 295 1395 335 raritatem
1411 299 1613 338 commen·

329 348 486 396 damus,
506 348 693 388 incertum
723 348 1007 402 relinquamus,
1055 361 1145 388 uam
1167 349 1401 411 potiffimum
1417 349 1611 404 praestan

329 403 423 440 tiam
439 402 480 441 in
494 414 542 442 ea
555 402 826 443 commendare
838 402 1016 444 velimus.
1058 403 1173 443 lacuit
1185 415 1313 443 autem
1335 403 1400 443 &
1391 418 1429 443 in
1448 404 1522 444 hac
1540 418 1612 445 ex-

329 454 525 516 politione
546 455 753 496 refellenda
778 455 919 510 aliquid
941 457 1157 496 verborum
1186 457 1436 506 consumere,
1463 469 1508 498 ut
1527 459 1610 499 eius

330 510 449 549 etiam
469 509 650 574 exemplo
668 510 875 558 docerem,
893 522 975 550 non
986 510 1197 563 quaslibet,
1217 524 1319 565 quae
1333 513 1372 550 in
1387 511 1446 551 his
1458 511 1610 553 scholiis

330 575 573 612 occurrunt,
597 563 866 611 ἀβασανίστως
894 569 970 615 (ut
995 564 1195 605 vocabulo
1220 564 1340 619 ipsius
1363 565 1611 618 Thucydidis

328 619 448 667 utar)
465 593 716 659 admi'ttendas
731 617 825 658 effe:
845 630 889 658 ac
908 628 990 657 tum
1015 618 1277 672 potissimum,
1294 632 1386 660 cum
1405 619 1610 673 vulgarem
1674 615 1676 648 ἶ

327 670 645 725 significationem
658 672 871 712 convenire
882 671 974 712 loco
986 671 1092 725 poss'e
1101 673 1292 713 videmus.
1301 672 1428 726 Quod
1439 672 1468 712 fi
1478 685 1609 715 tamen

327 706 403 778 (ut
417 726 464 767 ad
477 739 592 775 eum,
615 727 687 779 qui
701 739 795 780 prae
808 726 986 766 manibus
1000 724 1080 773 est,
1096 727 1299 780 revertar)
1318 740 1370 767 ex
1390 727 1466 773 illis
1482 727 1609 769 tribus

323 777 513 821 affeaatis
522 780 828 846 expositionibus
839 780 1012 833 eligenda
1021 793 1098 820 una
1110 780 1218 828 effet,
1225 781 1358 833 μείζων
1368 781 1504 822 melius
1515 794 1610 824 cum
1668 823 1670 826 .

325 830 518 887 εὐπραξίαι
531 848 647 888 quam
663 833 847 881 καλλίων,
863 834 999 874 melius
1018 833 1186 875 καλλίων
1198 847 1319 888 quam
1333 836 1610 889 χρησιμωτέριι
1672 853 1679 863 2

320 889 544 941 quadraret.
562 889 664 928 Nam
677 884 867 942 εὐπραξία.
881 887 951 928 sub
968 887 1006 928 se
1020 891 1064 928 τὶ
1085 902 1274 954 χρησιμον
1289 889 1609 951 comprehendit,

324 953 396 982 aut
409 942 480 996 (fi
471 954 523 982 ita
540 943 671 996 potius
688 942 928 1008 loquendum
943 941 1016 996 est)
1030 944 1076 982 το
1092 940 1278 996 χρῆσιμον
1299 943 1341 984 in
1358 941 1398 983 se
1416 941 1609 984 inclusum

323 997 454 1038 habet.
466 997 621 1038 STEPH.
634 997 679 1036 In
690 995 791 1037 Cass.
805 995 977 1050 μεγίστη
992 998 1140 1037 recenti
1159 1009 1277 1038 manu
1291 1007 1507 1038 atramento
1518 996 1610 1041 scri-,

323 1062 435 1105 ptum
452 1062 555 1092 erat:
575 1062 703 1092 cetera
713 1049 867 1091 vetusta
883 1051 924 1090 ὅτ
937 1051 1070 1090 minio.

379 1105 647 1158 ead.l.17.T&
660 1104 707 1144 «Γὲ
719 1103 891 1158 χερείονα
908 1104 986 1145 &c.
997 1103 1015 1158 )
1035 1104 1171 1145 Verba
1191 1104 1287 1145 haec
1305 1102 1433 1145 sumta
1449 1103 1536 1146 sunt
1556 1117 1609 1147 ex

323 1158 521 1201 Homero.
542 1171 633 1200 nam
651 1157 740 1199 finis
758 1159 965 1199 Homerici
986 1158 1191 1199 cuiusdam
1202 1158 1337 1199 versus
1354 1158 1431 1208 est,
1453 1159 1535 1199 ἐπεὶ
1553 1162 1609 1200 τοι

321 1213 507 1277 χερείονα
526 1211 625 1264 νικᾷ.
645 1212 929 1254 Testimonium
954 1224 1087 1253 autem
1109 1212 1187 1253 hoc
1206 1211 1391 1263 afferens,
1389 1213 1607 1275 intelligit,

320 1270 380 1306 τὰ
397 1267 568 1322 χερείονα.
580 1253 654 1307 dici
667 1266 718 1307 ab
742 1267 923 1307 Homero
937 1267 1007 1306 de
998 1267 1064 1315 lis,
1083 1279 1187 1337 quae
1196 1281 1274 1308 τοις
1289 1278 1422 1308 κοιλοις
1440 1268 1483 1309 &
1500 1281 1610 1322 χρη-

321 1321 446 1373 σίμοις
461 1321 549 1362 sunt
561 1321 771 1362 contraria.
785 1321 941 1361 STEPH.
956 1320 1020 1361 Est
1033 1297 1139 1361 Iliad.
1151 1320 1205 1368 οι,
1220 1335 1262 1362 v.
1283 1334 1330 1375 57
1304 1321 1370 1373 76

376 1378 452 1416 ead.
465 1377 490 1416 l.
505 1374 565 1417 18.
581 1374 684 1417 Ἀντὶ
698 1386 852 1416 πολλων
864 1376 940 1416 διε.
946 1374 964 1428 )
980 1374 1166 1415 Periodus
1178 1375 1290 1422 haec,
1303 1385 1373 1415 aut
1384 1374 1515 1415 saltem
1527 1374 1609 1417 hoc

320 1430 514 1470 orationis
526 1429 762 1476 membrum,
777 1429 926 1483 primae
937 1429 1214 1469 Demosthenis
1224 1429 1492 1481 Olynthiacae
1505 1430 1608 1491 prin-

319 1484 468 1545 cipium
489 1483 556 1524 est.
577 1484 685 1524 Sicut
705 1493 836 1524 autem
856 1496 994 1524 eorum
1015 1485 1214 1525 aucmrem
1228 1496 1309 1523 non
1331 1484 1531 1530 nominat,
1553 1483 1608 1524 ita

321 1549 438 1578 etiam
459 1538 581 1579 modo
602 1537 770 1579 Homeri
789 1538 935 1586 verba,
955 1550 1006 1577 eo
1026 1550 1111 1578 non
1133 1537 1368 1584 nominato,
1388 1537 1540 1578 attulit:
1563 1537 1608 1578 &

321 1604 406 1632 non
421 1592 549 1633 multo
589 1590 648 1632 ost
664 1591 824 1632 Hesiodi
838 1591 1016 1641 versum,
1035 1604 1116 1632 non
1133 1591 1310 1653 praefixo
1322 1592 1406 1631 eius
1418 1591 1604 1642 nomine,

319 1645 509 1687 allaturus
580 1645 789 1687 ,Ceterum
803 1646 959 1686 minime
972 1645 1130 1686 dubium
1144 1644 1212 1695 est,
1231 1645 1327 1699 quin
1342 1645 1446 1686 hunc
1457 1644 1608 1686 Demo-

319 1698 461 1742 sthenis
472 1700 606 1742 locum
617 1700 805 1749 attulerit,
817 1701 926 1753 quod
938 1713 1027 1741 eum
1044 1713 1065 1740 3
1074 1700 1309 1752 Thucydide
1320 1698 1431 1740 suum
1443 1700 1606 1753 loquen-

319 1755 358 1794 di
370 1768 494 1809 genus
507 1764 744 1803 mutuatum,
757 1765 824 1794 aut
835 1753 993 1794 saltem·
985 1766 1024 1793 m
1037 1767 1088 1794 eo
1109 1754 1302 1794 imitatum
1312 1753 1389 1794 effe
1399 1754 1607 1806 Thucydi-

317 1809 435 1857 dem,
452 1808 653 1852 ostendere
673 1808 803 1849 vellet.
818 1809 972 1850 Verum
995 1808 1304 1849 animadvertere
1326 1808 1476 1857 debuit,
1497 1807 1607 1848 hunc

319 1863 543 1917 scriptorem
562 1875 645 1904 non
665 1862 799 1903 itidem
813 1863 938 1903 dicere
955 1860 1108 1902 εἵλεσῧε
1127 1861 1189 1911 ἂν,
1205 1861 1267 1902 sed
1286 1861 1529 1913 ἑτιμησοισδε
1544 1863 1606 1905 ἄν,

318 1918 366 1958 &
377 1930 459 1958 non
472 1927 700 1958 contentum
723 1917 782 1957 his
794 1917 947 1963 verbis,
970 1918 1040 1970 πρὸ
1057 1916 1208 1957 πολλῶν
1225 1916 1454 1970 χρημάτων,
1467 1916 1606 1956 adiice·

321 1985 364 2012 re
378 1972 444 2013 καὶ
458 1972 526 2026 χά
547 1986 638 2013 ιτος.
650 1970 782 2020 Adde,
796 1971 905 2024 quod
921 1969 1207 2010 Demosthenes
1228 1968 1379 2023 phrasin
1393 1969 1496 2010 illam
1522 1982 1604 2010 non

321 2025 498 2073 aliunde,
516 1989 587 2080 {ut
598 2024 777 2067 credibile
790 2025 869 2079 est)
884 2037 1003 2080 quam
1019 2024 1069 2064 ab
1083 2023 1167 2078 ipso
1182 2024 1331 2078 vulgo,
1347 2024 1517 2064 mutuari
1535 2035 1606 2065 ne-

318 2079 418 2121 ceffe
430 2081 618 2121 habuerit.
629 2080 785 2120 STEPH.
1584 2107 1591 2118 ,

376 2138 451 2175 ead.
463 2136 489 2175 l.
499 2148 561 2188 19.
574 2131 833 2187 Ἠγορέισοιτε)
847 2131 955 2172 Male
966 2130 1130 2172 omnino
1142 2127 1378 2182 ἔτιμησαισθε
1391 2130 1603 2184 exponitur

317 2185 550 2255 ἶνγοράσ-οιτε.
568 2186 702 2241 Atque
717 2187 793 2227 hoc
806 2185 871 2226 vel
893 2198 944 2225 ex
957 2198 1009 2226 eo
1031 2196 1214 2246 apparet,
1232 2186 1342 2239 quod
1366 2198 1446 2225 non
1462 2185 1602 2226 dicitur

319 2243 460 2296 aliquis
473 2242 673 2303 ἀγοράζειν
691 2240 885 2294 quippiam
910 2242 980 2292 ’πρὶν
1003 2250 1154 2279 πολλων
1175 2244 1402 2291 χρημάτων,
1425 2237 1520 2278 sed'
1502 2253 1602 2306 αγο-
1648 2256 1669 2298 ²..

319 2297 442 2352 ράζειν
455 2294 612 2336 πολλῶν
623 2295 846 2349 χρημάτων.
858 2294 1013 2334 STEPH.
1025 2292 1147 2333 Paulo
1161 2293 1320 2332 inferius
1332 2293 1380 2332 ad
1389 2294 1534 2333 verba’
1524 2292 1603 2334 ολί-
1655 2298 1663 2308 ’“

359 2364 411 2391 ως
425 2348 506 2391 AEn‘
494 2347 582 2407 άμα.
597 2349 639 2389 in
651 2347 784 2414 Rostg
804 2357 1035 2388 annotatum
1049 2358 1146 2394 erat,
1161 2347 1246 2387 ἄντι
1257 2344 1324 2386 τοῦ
1341 2342 1603 2413 eostam-7015.

331 2400 591 2471 ομηρος,’ᾗόλί
623 2417 659 2443 ον
672 2417 704 2442 οι
697 2401 872 2442 ‘si-ais&
882 2402 974 2454 Leg.
987 2415 1060 2440 om:
1052 2401 1136 2448 sa,
1150 2413 1199 2440 ex
1215 2400 1319 2440 Iliad.
1333 2399 1365 2446 ἑ,
1377 2414 1418 2440 v.
1435 2399 1534 2440 800.
1555 2399 1601 2442 ’H
1643 2435 1650 2446 Α,

321 2460 450 2513 ὀλίγον
460 2457 494 2498 οἱ
506 2472 579 2497 που
611 2471 640 2496 α.
651 2455 797 2497 ἐοικότα
808 2455 962 2508 ’γείνατο
975 2453 1090 2494 'fuss'
1074 2470 1125 2494 υς.
1145 2455 1233 2494 ubi'
1223 2458 1351 2508 ολίγον
1362 2454 1500 2495 eodem
1514 2467 1600 2494 mo-
1643 2459 1658 2507 {TJ

314 2514 374 2570 do
386 2511 550 2569 exponit
563 2508 790 2558 Scholiastes
802 2522 971 2565 parvuS,
989 2509 1030 2549 &
1052 2506 1164 2549 οὗὸὲ“
1156 2508 1261 2550 ἅλως.
1280 2507 1354 2549 Sed
1375 2521 1454 2549 non
1470 2506 1601 2558 neces·
1640 2517 1644 2522 ’

1662 997 1690 1446 ἓ

1677 1405 1687 1425 ’4

1659 1450 1690 1567 ‚ij

1654 1568 1690 1812 ξ

1644 1820 1681 2139 Ξ

1652 2317 1661 2346 ³«
