1690 3120
306 236 368 303 38
508 235 1384 287 ANNOTATIONES

359 328 434 365 ead.
450 325 472 364 l.
494 337 554 377 15.
569 320 621 365 Οὔ
633 325 780 380 μάτην)
798 326 924 380 Quod
935 326 1045 373 dicit,
1060 322 1098 366 οὗ
1115 325 1245 378 μάτην
1258 327 1507 381 πρόσκειται,
1525 327 1583 368 in-

304 378 434 432 tellige
448 379 494 419 de
508 379 565 419 his
581 379 730 427 verbis,
746 382 837 434 πρὸς
857 379 1060 429 ἀλλήλους,
1077 397 1118 420 ea
1136 396 1205 421 non
1209 381 1343 434 frustra
1359 381 1421 433 effi:
1441 381 1580 422 adiecta.

303 432 410 473 Nam
425 433 460 472 G·
471 433 594 474 bellum
601 464 615 481 ,
632 435 781 488 inquit,
799 434 963 486 adversus
980 438 1129 475 Xerxem
1145 439 1322 476 eorundem
1340 448 1434 482 erat,
1448 435 1583 488 (vide-

304 485 394 528 licet
406 486 700 582 SAtheniensium
716 489 758 529 δι
777 487 1145 543 Peloponnensium)
1160 489 1227 542 sed
1241 505 1310 530 non
1322 503 1434 529 eorum
1448 489 1582 542 interse

303 553 390 581 erat.
433 551 559 582 TEPH.
1235 564 1237 566 ·

371 599 446 635 ead,
462 596 486 634 l.
504 608 562 646 ¹7-
579 594 683 636 Ἀλλ’
703 593 869 650 ἅπλῶς)
889 595 1138 636 Scribendum
1160 596 1292 648 potius
1317 595 1428 636 ἀλλὰ
1443 596 1510 636 καὶ
1537 596 1583 636 ἅ-

306 648 432 699 mae,
451 662 540 690 cum
558 651 760 703 praecedat
774 646 813 691 οὗ
832 649 951 701 μόνον.
973 649 1097 689 IDEM.
1117 649 1180 690 Ad
1194 663 1286 691 voc.
1303 651 1433 703 μέγαν
1447 664 1469 692 e
1484 650 1582 705 Reg.

305 701 329 745 35
345 702 400 754 τῷ
413 702 537 756 χρόνῳ
546 733 558 751 ,
577 704 596 744 ii
611 703 688 744 τοῖς
699 703 930 758 πράγμασιν
940 714 1144 744 annotarat
1158 703 1431 758 Rostgaardus.

361 760 438 798 ead.
452 758 477 797 l.
493 770 556 798 20.
576 757 661 798 Πῶς
682 755 875 811 ἤκμαζον)
894 759 1094 809 Quomodo,
1113 758 1259 811 inquit,
1278 759 1410 812 utrique
1428 758 1520 799 omni
1536 761 1587 798 ad

308 810 433 852 bellum
453 824 624 865 apparatu
641 813 814 864 florebant
828 842 840 861 ‚
851 814 890 865 fi
908 813 1213 867 Peloponnenfihus
1230 813 1394 866 pecuniae
1415 815 1582 852 deerant?

308 863 591 918 Quaestionem
606 866 815 919 proponit,
835 878 954 920 quam
967 879 1047 906 non
1066 865 1203 906 solvit:
1225 862 1332 919 quod
1346 866 1387 906 &
1409 865 1500 906 alibi
1519 864 1583 907 fa-

308 920 372 960 cit.
388 919 474 973 Ego
487 932 586 960 vero
606 918 718 959 aliam
734 919 780 960 de
794 919 865 960 hac
884 919 963 974 ipsa
985 933 1199 975 proponam
1211 948 1221 965 ,
1243 920 1334 973 quid
1348 919 1453 960 hunc
1470 933 1583 961 enar-

308 982 479 1014 ratorem
496 974 544 1013 ad
559 974 792 1014 movendam
814 973 1075 1026 quaestionem
1091 974 1198 1014 istam
1217 974 1415 1027 impulerit
1425 1004 1438 1020 ,
1454 974 1497 1015 &
1511 987 1584 1014 un-

308 1025 357 1068 de
370 1026 678 1081 Peloponnenses
692 1028 943 1082 pecuniarum
957 1029 1087 1082 inopia
1105 1027 1292 1069 laboraffe
1307 1028 1490 1068 didicerit.
1502 1028 1583 1069 Ve-

307 1092 398 1121 rum
417 1094 499 1122 non
518 1082 635 1135 longe
654 1081 872 1122 abeundum
891 1082 966 1129 est,
983 1092 1026 1122 ut
1047 1083 1269 1123 inveniatur
1284 1082 1413 1128 locus,
1430 1095 1480 1122 ex
1499 1095 1583 1136 quo

308 1134 410 1176 istud
423 1134 614 1190 collegisse
632 1135 758 1176 videri
771 1136 907 1189 potest.
918 1137 1020 1176 Nam
1042 1136 1081 1182 1,
1105 1150 1150 1188 19
1168 1135 1294 1177 scribit
1307 1136 1584 1188 Thucydides,

309 1189 706 1235 Lacedaemoniorum
720 1188 847 1230 socios
862 1203 940 1230 non
955 1189 1064 1230 fuiffe
1077 1190 1150 1229 illis
1163 1190 1386 1230 tributarios
1396 1220 1410 1237 ‚
1425 1203 1515 1230 cum
1527 1190 1584 1230 A.

309 1243 573 1284 theniensibus
585 1244 771 1284 tributum
792 1243 847 1284 sui
866 1245 1086 1298 penderent.
1105 1244 1177 1284 Sed
1198 1244 1225 1284 fi
1242 1256 1321 1285 non
1341 1244 1422 1284 alio
1435 1272 1447 1293 ,
1465 1256 1583 1297 quam

309 1297 413 1344 hoc,
431 1299 555 1338 nitens
568 1309 799 1352 argumento
822 1298 915 1338 dixit
937 1298 1291 1350 Peloponnenfibus
1310 1298 1490 1351 pecunias
1512 1298 1583 1338 de-

309 1350 439 1401 fuiffe,
458 1365 541 1393 non
556 1351 609 1392 est
624 1362 729 1392 certe
742 1352 848 1406 quod
862 1351 976 1392 fidem
990 1351 1043 1391 illi
1056 1352 1284 1392 habeamus:
1305 1365 1392 1392 cum
1412 1351 1475 1392 alii
1491 1350 1582 1404 pos·

309 1403 393 1446 sent
416 1406 487 1446 illis
509 1405 668 1446 viciffim
693 1405 769 1447 effe
791 1406 915 1460 πόροι,
943 1406 1010 1459 qui
1029 1405 1325 1446 Atheniensibus
1350 1419 1430 1446 non
1452 1405 1581 1445 ess'ent.

309 1459 404 1500 Hoc
419 1460 573 1514 quidem
588 1470 691 1501 certe
704 1459 813 1501 nullo
827 1459 1006 1501 credibile
1027 1460 1147 1501 modo
1170 1459 1223 1500 est
1234 1488 1247 1507 ,
1269 1457 1460 1501 diRurum
1477 1458 1584 1501 fuiffe

311 1513 611 1567 Thucydidem,
631 1513 816 1568 utrosque
830 1515 938 1555 omni
954 1514 1002 1554 ad
1023 1510 1164 1555 bellum
1187 1527 1234 1567 ap
1262 1524 1373 1554 aratu
1390 1512 1584 1562 floruisse,

310 1566 342 1607 si
364 1567 670 1623 Peloponnenses
688 1581 710 1609 a
729 1569 902 1621 pecuniis
923 1569 1133 1622 imparatos
1155 1567 1210 1608 fui
1242 1581 1265 1608 e
1286 1567 1471 1608 scivisset:
1492 1580 1583 1608 cum

312 1620 446 1676 &ipse
459 1623 641 1677 pecunias
655 1636 727 1675 pro
740 1623 829 1663 belli
845 1622 977 1663 nervis
991 1622 1132 1663 habere
1146 1622 1184 1662 se
1198 1622 1371 1664 ostendat
1381 1653 1392 1671 ‚
1410 1630 1501 1662 cum
1516 1621 1583 1661 ali-

310 1675 375 1723 bi,
397 1687 481 1717 tum
497 1676 569 1717 ubi
581 1675 730 1724 scribit,
750 1678 806 1717 τὰ.
828 1678 961 1717 πολλὰ
983 1674 1051 1716 τοῦ
1071 1678 1239 1726 πολέμου
1257 1679 1384 1731 γνώμῃ
1405 1676 1470 1716 καὶ
1490 1689 1585 1730 χρη-

309 1730 446 1782 μάτων
460 1731 654 1785 περιουσίᾳ
666 1730 901 1784 κρατεῖσθαι.
917 1730 1107 1771 Audimus
1120 1743 1218 1771 vero
1234 1730 1272 1770 δι
1286 1731 1583 1771 Hermocratem

310 1784 502 1825 dicentem
514 1784 615 1838 apud
627 1785 790 1825 eundem
802 1785 878 1833 VI,
896 1790 965 1836 34,v
974 1787 1114 1839 χρυσὸν
1126 1785 1206 1839 γὰρ
1219 1783 1284 1824 καὶ
1297 1781 1374 1838 Sip-y
1381 1797 1456 1838 vpov
1469 1783 1582 1824 πλεῖ-

310 1852 404 1879 στον
418 1838 620 1879 κέκτηνται
633 1868 644 1885 ,
661 1837 764 1879 ‘desua'
779 1853 824 1879 τε
837 1838 1004 1889 πόλεμος
1018 1838 1086 1878 καὶ
1104 1841 1240 1878 πόλλα
1259 1834 1412 1890 εὖπορεῖ.
1430 1837 1583 1880 STEPH-

311 1891 407 1932 Non
419 1891 570 1947 poffum
583 1892 782 1940 divinare,
799 1892 891 1946 quid
904 1891 1147 1933 Scholiastem
1160 1891 1207 1932 ad
1219 1891 1448 1932 movendam
1463 1904 1584 1945 quae-

310 1945 474 1987 stionem
500 1946 607 1986 istam
633 1946 828 2001 impulerit
842 1977 856 1994 ,
886 1947 928 1987 δι
950 1946 1052 1987 unde
1078 1945 1380 2000 Peloponnesios
1403 1946 1583 2000 pecunia-

311 2014 400 2041 rum
419 2001 548 2055 inopia
561 1999 748 2042 laboraffe
760 2001 948 2041 didicerit.
961 2001 1109 2051 Locus,
1122 2013 1171 2040 ex
1183 2011 1267 2054 quo
1279 1994 1377 2039 istud
1390 1999 1583 2053 collegiffe

310 2055 482 2102 videtur,
499 2055 620 2095 exstat
640 2054 710 2109 (ut
723 2054 851 2095 censet
865 2054 998 2108 Steph.
1009 2055 1027 2108 )
1040 2053 1080 2104 Ι,
1101 2067 1116 2094 1
1116 2067 1172 2147 ζ,
1187 2053 1255 2094 ubi
1269 2053 1395 2094 scribit
1408 2054 1582 2107 Thucy—

310 2108 437 2156 dides,
454 2109 852 2149 Lacedaemoniorum
870 2107 998 2149 socios
1017 2120 1098 2148 non
1159 2106 1224 2148 isse
1244 2107 1315 2147 illis
1335 2107 1560 2149 tributarios
1567 2130 1581 2154 1

310 2172 401 2204 cum
426 2162 724 2203 Atheniensibus
741 2162 927 2202 tributum
948 2161 1004 2203 sui
1022 2161 1242 2215 penderent.
1267 2161 1339 2202 Sed
1369 2161 1442 2216 (ut
1456 2162 1582 2217 inquit

312 2217 440 2270 idem)
455 2216 483 2256 si
501 2228 584 2256 non
606 2216 707 2264 alio,
725 2228 841 2269 quam
860 2216 954 2264 hoc,
973 2216 1100 2256 nitens
1115 2225 1347 2269 argumento
1359 2216 1455 2255 dixit
1468 2215 1582 2258 Pelo-

368 2269 504 2311 nnesiis
517 2270 696 2325 pecunias
708 2269 865 2310 defuisse
875 2299 886 2314 ,
905 2282 986 2310 non
1004 2268 1057 2309 est
1072 2279 1176 2310 certe
1189 2269 1295 2323 quod
1308 2267 1421 2310 fidem
1438 2269 1494 2309 illi
1513 2270 1581 2311 ha·

311 2284 490 2365 figamus:
510 2337 600 2365 cum
620 2324 685 2363 alii
706 2323 854 2378 possent
870 2322 943 2364 illis
957 2322 1119 2364 viciflim
1139 2322 1214 2363 effe
1228 2323 1352 2375 πόροι,
1371 2323 1439 2376 qui
1455 2322 1581 2365 Athe·

311 2375 508 2419 nienfibus
519 2390 600 2418 non
613 2377 742 2418 essent.
754 2378 904 2418 Verum
919 2377 949 2417 fi
972 2376 1144 2431 respiciat
1163 2378 1231 2430 (ut
1255 2387 1365 2432 putat
1379 2377 1581 2430 Aeacius)

313 2433 361 2473 ad
383 2433 599 2473 orationem
613 2430 859 2478 Archidami,
876 2431 1019 2472 bellum
1041 2429 1353 2472 Lacedaemoniis
1371 2428 1581 2472 diffuaden·

312 2487 384 2529 tis,
403 2484 452 2526 ab
468 2486 598 2539 inopia
610 2486 858 2540 pecuniarum
871 2485 946 2526 ὅτε.
968 2485 1092 2539 regeri
1107 2484 1256 2537 potest,
1270 2485 1395 2531 hunc,
1419 2495 1463 2525 ut
1479 2485 1553 2525 alia
1565 2514 1579 2534 ‚

310 2539 364 2583 fic
377 2540 548 2596 inopiam
559 2552 720 2597 quoque
731 2538 903 2591 suorum,
918 2539 1019 2581 ultra
1031 2539 1192 2582 modum
1203 2537 1464 2596 exaggerasse:
1483 2539 1580 2596 quin
