1690 3120
323 216 389 277 46
524 213 1403 266 ANNOTATIONES

320 320 426 359 neque
437 307 535 346 ηοὲἶιι
546 318 609 346 aut
617 322 694 348 cum
707 308 866 347 caedibus
878 307 1182 348 latrocinabantur.
1198 308 1255 349 At
1266 321 1342 363 ego
1353 308 1507 351 tertium
1518 309 1600 355 hoc

316 372 402 400 non
416 361 584 414 negarim
599 391 614 407 ‚
633 359 766 408 fuiffe,
783 361 850 414 qui
873 362 925 400 ita
947 362 1223 414 praedarentur
1237 362 1303 404 seu
1323 363 1598 406 latrocinaren-

315 422 396 459 tur,
410 426 455 453 ut
467 415 648 454 caedibus
661 414 913 455 abstinerent:
934 415 1016 455 duo
1034 415 1098 456 illa
1113 417 1243 470 priora
1257 429 1336 458 non
1349 417 1458 459 facile
1478 420 1598 460 admi-

315 467 430 507 ferini
440 498 454 514 ,
474 467 772 522 praesertimque
783 469 830 508 de
843 468 1036 509 nocturno
1049 482 1224 523 tempore
1234 471 1342 524 quod
1353 472 1441 513 dicit
1450 502 1462 518 ,
1478 473 1515 512 id
1526 485 1598 514 eos

317 519 397 561 suis
408 522 616 563 latrociniis
629 522 785 563 minime
802 522 1022 563 adhibuisse.
1038 523 1236 575 Quamvis
1249 525 1352 564 enim
1366 525 1496 566 furum
1514 539 1597 568 ma-

317 576 402 628 gis,
423 589 539 630 quam
559 577 818 630 praedonum,
839 575 904 616 seu
917 577 1111 617 latronum
1131 577 1198 626 sit,
1214 578 1367 619 nonem
1381 592 1596 633 quaerere,

315 641 402 670 non
421 640 549 671 tamen
563 643 629 677 ea,
647 644 763 684 quam
780 628 914 678 affert,
927 631 1205 671 commoditate
1225 631 1390 673 noluifl'e
1403 634 1596 675 interdum

315 685 377 723 uti
403 683 480 724 hos
502 697 664 738 quoque
690 684 868 725 credibile
893 683 958 724 est.
985 684 1048 724 Ad
1071 685 1216 726 bovem
1242 696 1371 726 autem
1398 697 1595 728 aratorem

315 738 428 797 quod
442 739 575 778 attinet
584 742 723 792 ‚quam
729 739 787 779 vis
802 738 993 791 agricolae
1004 738 1098 778 nihil
1112 740 1232 792 magis
1246 739 1495 782 necessarium
1508 741 1595 795 pos-

314 791 364 831 iit
379 792 499 846 eripi,
518 803 646 832 tamen
672 791 873 834 verisimile
889 805 971 832 non
987 792 1062 839 est,
1083 793 1259 846 religioni
1274 793 1344 834 illis
1358 792 1467 835 fuiffe
1490 795 1595 837 hunc

315 858 482 899 quoque
495 846 692 900 praedari,
709 846 780 886 nifi
794 859 883 886 cum
899 846 972 886 alia
991 846 1027 886 se
1042 845 1095 886 sat
1112 860 1250 900 magna
1288 847 1400 888 raeda
1421 847 1595 890 offerret.

316 899 503 940 ceterum
514 901 556 942 δι
570 900 649 940 hoc
663 901 790 940 mirari
804 899 916 953 poffit
926 901 1063 954 aliquis
1074 932 1088 948 ,
1110 914 1180 941 cur
1194 914 1246 954 po
1291 900 1596 945 §tentamenti-

314 953 381 997 dat
396 954 415 994 ii
431 953 629 1002 ἔκλεπτον,
640 967 730 994 cum
745 953 922 1001 sciamus,
938 958 1089 1008 praedas
1101 955 1230 1009 abigere
1241 954 1369 1009 (quod
1381 954 1493 996 sonat
1507 968 1594 998 λεη-

314 1008 468 1062 λατεῖν)
484 1021 564 1048 ηοη
577 1008 650 1048 dici
663 1009 710 1048 de
726 1008 818 1055 aliis,
831 1021 947 1062 quam
958 1009 1040 1061 περὶ
1055 1008 1130 1049 τῶν
1145 1008 1406 1057 κλεπτόντων,
1415 1010 1482 1051 vel
1495 1011 1594 1064 (ma-

315 1062 375 1115 gis
394 1063 552 1116 proprie
574 1062 796 1116 loquendo)
821 1063 1086 1112 λῃστευόντων*
1109 1062 1207 1103 adeo
1229 1063 1382 1117 quidem
1410 1074 1455 1104 ut
1476 1065 1594 1106 etiam

316 1116 482 1156 verbum
503 1116 595 1157 illud
613 1117 814 1157 λεηλατεῖν
835 1115 907 1156 isto
931 1115 1121 1167 λῃστεύειν
1143 1127 1374 1171 exponatur.
1402 1117 1464 1158 Sic
1490 1119 1594 1172 apud

316 1167 550 1224 Sophoclem
565 1171 583 1210 ἣ
605 1172 669 1211 τὶν
683 1171 738 1210 εἰς·
754 1170 812 1209 ἀεὶ
828 1168 1079 1211 nsum-rstica
1095 1170 1239 1225 χρόνον,
1259 1181 1460 1212 enarrator
1483 1171 1593 1225 post-

313 1237 433 1276 quam
455 1225 549 1264 dixit
567 1223 643 1265 effe
662 1225 766 1264 λείαν
784 1224 938 1271 έλάιτει,
958 1224 1059 1264 addit
1082 1226 1294 1275 λῃστεύσει.
1325 1225 1398 1265 Sed
1417 1239 1592 1278 quonam

315 1277 433 1330 igitur
461 1279 582 1319 modo
602 1279 696 1319 illud
719 1277 848 1318 καλῶς
865 1278 1139 1332 exponendum
1161 1278 1236 1319 effe
1255 1279 1450 1320 dicemus?
1474 1280 1592 1321 Valla

313 1333 468 1385 quidem
487 1344 593 1373 certe
612 1332 738 1385 egregie
758 1333 1049 1385 interpretatur:
1071 1331 1134 1372 sed
1153 1345 1228 1386 ego
1250 1331 1469 1386 {impliciter
1492 1333 1593 1375 mal-

312 1386 390 1426 lem
411 1387 567 1427 reddere
587 1389 676 1426 bene.
691 1387 796 1427 Bene
811 1397 939 1426 autem
961 1386 1213 1426 latrocinandi
1229 1385 1294 1426 seu
1313 1387 1515 1440 praedandi
1529 1401 1592 1428 ar-

314 1451 393 1480 tem
407 1451 587 1482 exercent
599 1471 609 1489 ,
630 1440 687 1494 (ss
709 1441 798 1480 artis
813 1440 1067 1493 appellatione
1089 1440 1129 1480 &
1149 1440 1211 1481 hic
1225 1441 1412 1481 utendum
1430 1440 1509 1495 est)
1521 1442 1592 1495 qui

313 1496 397 1535 eius
411 1496 518 1548 periti
534 1494 642 1537 sunt:
667 1495 764 1534 adeo
777 1504 820 1534 ut
833 1490 986 1535 fortasse
999 1494 1091 1535 illud
1105 1493 1230 1534 καλῶς
1242 1494 1344 1534 reddi
1362 1495 1476 1535 etiam
1487 1497 1592 1548 perite

314 1559 447 1602 queat.
469 1548 623 1589 STEPH.
643 1547 861 1603 Stephanus
878 1548 973 1601 (qui
997 1547 1276 1601 expofitionem
1300 1549 1398 1588 hanc
1420 1549 1591 1590 adverbii

311 1602 444 1643 καλῶς
456 1602 554 1643 alius
575 1601 768 1643 cuiusdam
788 1601 862 1642 effe
876 1601 1086 1651 existimat,
1103 1615 1221 1654 quam
1240 1602 1346 1649 eius,
1366 1615 1388 1642 a
1406 1616 1488 1657 quo
1502 1602 1592 1644 inst-

313 1669 408 1710 gnes
419 1657 558 1697 multas
569 1656 795 1710 habeamus)
809 1656 884 1696 hoc
897 1656 1005 1709 quod
1017 1654 1193 1710 sequitur
1205 1657 1379 1710 ineptum
1392 1655 1434 1697 δι
1447 1656 1591 1698 ridicu-

312 1711 395 1751 lum
406 1711 481 1751 effe
496 1712 746 1765 pronuntiat:
766 1723 856 1751 cum
871 1711 937 1750 vix
952 1709 1034 1750 fieri
1049 1709 1179 1764 poffit,
1193 1720 1238 1750 ut
1251 1711 1337 1763 quis
1348 1711 1403 1763 pie
1416 1711 1453 1750 δ’
1463 1711 1590 1752 huma-

311 1781 355 1806 ne
366 1765 566 1806 latrocinia
580 1775 780 1813 exerceat;
796 1777 869 1804 nec
882 1763 1085 1804 verisimile
1098 1763 1159 1811 stt,
1177 1764 1400 1818 religionem
1415 1763 1484 1804 illis
1497 1763 1590 1806 fuis·

312 1819 353 1862 se
367 1819 511 1859 bovem
525 1831 717 1859 aratorem
733 1831 814 1859 non
834 1818 1011 1871 abigere,
1027 1817 1097 1857 nist
1111 1831 1200 1858 cum
1221 1819 1295 1858 alia
1313 1817 1350 1858 se
1373 1817 1428 1858 sat
1449 1831 1590 1872 magna

314 1874 456 1927 praeda
480 1887 560 1913 non
582 1871 755 1915 offerret.
775 1872 960 1913 Ceterum
984 1872 1057 1913 dici
1080 1871 1225 1926 potest,
1241 1870 1386 1926 priscos
1404 1873 1588 1914 mortales

314 1927 481 1981 (quibus
490 1940 573 1967 non
588 1926 845 1981 ignominiosa
859 1938 967 1966 erant
979 1926 1199 1979 latrocinia)
1213 1940 1289 1966 cum
1305 1926 1514 1968 humanitate
1529 1927 1588 1980 pi-

311 1982 473 2023 raticam
493 1980 731 2029 exercuisse,
748 1982 933 2034 quoniam
956 1979 1078 2021 solum
1100 1980 1227 2020 vinus
1239 1979 1353 2020 causa
1367 1992 1413 2020 ea
1427 1981 1589 2021 uteban-

316 2046 398 2084 tur,
417 2037 557 2088 exigua
579 2036 752 2076 contenti
771 2035 884 2088 stipe,
906 2034 1012 2078 secus
1032 2046 1148 2088 atque
1168 2033 1308 2074 nostris
1326 2035 1587 2088 temporibus:

315 2090 482 2143 ideoque
493 2088 623 2130 καλῶς
634 2090 690 2143 pie
705 2090 740 2128 ὃ·
757 2091 902 2129 humane
914 2088 1060 2142 exponi
1078 2086 1200 2141 poste,
1221 2087 1262 2128 δι
1282 2088 1407 2141 aptius
1434 2087 1561 2130 forsan
1572 2119 1587 2140 ,

311 2156 431 2198 quam
453 2145 577 2196 egregie
598 2156 688 2184 cum
711 2142 849 2188 Valla,
874 2152 943 2183 aut
960 2145 1038 2182 bene
1058 2154 1130 2184 ceu
1142 2142 1246 2194 perite
1265 2154 1356 2182 cum
1377 2141 1586 2197 Stephano.

310 2199 450 2241 Hom.
462 2196 689 2239 Scholiastes
699 2197 825 2237 καλῶς
837 2197 1108 2250 interpretatur
1121 2194 1281 2241 εὐσεβῶς
1297 2195 1361 2236 καὶ
1381 2197 1588 2250 φιλανθρώ-

311 2267 409 2300 πως,
423 2265 513 2292 cum
526 2249 709 2305 fignificet
729 2251 857 2304 potius
874 2250 910 2290 h.
926 2250 952 2289 l.
966 2249 1185 2298 ἐπαινετῶς,
1197 2258 1266 2289 aut
1279 2250 1416 2290 Latine
1424 2250 1586 2302 fhru‘ter,

306 2307 503 2361 praeclare,
520 2316 563 2345 ut
586 2304 698 2346 alibi:
718 2305 823 2345 nulla
840 2304 991 2344 ratione
1005 2303 1136 2344 habita
1158 2299 1346 2350 εὐσεβείας
1366 2305 1432 2344 καὶ
1446 2316 1586 2356 φιλοιν-

314 2360 489 2414 miae,
502 2373 598 2413 quas
609 2359 763 2412 quidem
779 2359 946 2398 virtutes
960 2357 1060 2398 haud
1072 2357 1260 2398 credimus
1277 2356 1434 2398 sollicite
1445 2359 1585 2412 piratas

282 2419 285 2428 “
312 2414 510 2468 quondam
521 2412 692 2458 coluiffe,
708 2423 774 2452 aut
788 2410 995 2452 istiusmodi
1010 2412 1116 2452 vitae
1139 2411 1270 2465 generi
1283 2411 1441 2452 ulterius
1452 2413 1584 2452 adium

314 2467 431 2517 xiste,
450 2481 564 2521 quam
611 2476 775 2507 uatenus
790 2466 905 2507 rebus
917 2465 990 2506 suis
1007 2465 1221 2519 expediret,
1243 2475 1452 2506 contentos
1472 2464 1585 2520 quas-

314 2522 403 2566 dam
415 2481 631 2565 observaffe
641 2521 791 2576 pietatis
803 2521 906 2575 leges
917 2549 929 2570 ,
950 2532 1046 2575 quas
1060 2519 1164 2562 redte
1175 2519 1330 2575 quidem
1344 2532 1584 2565 commemo·¹
