1690 3120
261 205 371 256 »το
603 204 1283 259 H.STEPHAN1

302 297 479 350 aliquam
493 309 635 337 vocem
656 310 722 338 aut
736 298 883 352 aliquas
901 312 1022 340 voces
1039 301 1161 354 repeti
1180 300 1320 341 debere·
1329 313 1351 341 e
1369 297 1578 353 superiori-

303 350 397 398 bus,
419 350 499 390 five
520 363 542 391 e
558 353 888 404 praecedentibus:
907 353 969 394 ille
985 354 1057 394 hac
1075 355 1122 394 de
1136 368 1178 395 re
1190 355 1357 408 loquens
1371 355 1498 395 dicere
1515 354 1577 396 so-

302 402 383 451 let,
408 404 484 443 ἑιπδ
509 403 640 448 κοινοῦ·
661 419 761 459 quae
783 406 944 455 sonant,
963 407 993 447 fi
1011 408 1174 448 verbum
1197 408 1322 449 verbo
1340 408 1531 458 reddatur,
1553 424 1580 449 a

302 459 471 497 communi
478 473 495 506 ;
514 459 620 513 quod
633 472 691 507 ea,
704 473 804 514 quae
820 461 1019 514 repetitur,
1035 474 1132 513 νοκ,
1150 462 1215 502 vel
1230 464 1360 516 potius
1372 461 1579 516 repetenda

302 510 380 551 effe
399 512 551 562 dicitur,
565 512 783 554 assumenda
794 513 840 554 fit
861 527 911 554 ex
932 513 1126 569 superiore
1138 515 1232 556 loco
1243 547 1254 564 ‚
1272 527 1458 570 tanquam
1471 529 1580 570 quo-

304 565 391 604 dam
407 568 696 607 communitatis
710 569 805 609 iure.
820 569 960 622 Neque
978 582 1077 610 vero
1099 569 1257 610 dubium
1282 569 1350 618 est,
1372 570 1469 623 quin
1488 583 1580 610 cum

303 618 425 672 ellipfi
446 619 552 674 ipse,
571 620 668 661 sicut
686 622 728 662 &
748 624 868 663 ceteri
893 622 1020 674 paffim
1034 653 1047 669 ‚
1065 623 1117 663 ita
1137 624 1338 677 loquatur,
1355 623 1435 664 ἀπο
1450 622 1580 664 κοινοῦ·

305 672 350 712 δι
365 673 456 713 desit
474 676 635 715 verbum
647 677 827 723 ληπτέον,
841 677 901 729 (id
915 677 968 716 est
978 708 990 724 ‚
1002 677 1225 729 flammulam,
1241 678 1307 718 vel
1320 677 1581 732 accipiendum)

304 738 376 767 aut
389 728 549 781 aliquod
570 729 801 770 huiusmodi.
816 731 909 770 Hoc
925 731 1078 784 quidem
1101 742 1205 771 certe
1225 732 1326 784 apud
1344 744 1436 772 eum
1456 730 1580 785 ipsum

303 780 606 847 invenituraecum
623 783 735 834 alibi,
754 794 838 824 tum
857 797 944 839 pag.
965 799 1045 835 424
1062 785 1087 825 l.
1106 799 1170 838 27,
1183 788 1228 825 το
1249 784 1322 833 δὲ,
1343 784 1472 827 οὔκουν
1485 787 1582 840 χρὴ,

304 838 390 874 avb
411 851 525 876 κοινου
545 838 724 878 ληπτέον.

360 889 522 930 Alicubi
535 891 608 931 alia
618 892 738 932 verba
751 891 894 932 adiicit:
913 903 956 933 ut
969 905 1054 946 pag.
1072 904 1146 946 550
1160 892 1183 932 l.
1198 906 1260 942 17,
1271 894 1314 932 τὶ
1328 892 1583 944 ἀποφαίνομεν

302 942 376 991 2⁸72,
398 945 478 984 ἀπὸ
501 944 620 985 κοινοῦ
632 976 644 992 ,
662 946 736 986 ἄνω
757 945 930 998 κείμενον,
949 946 1164 987 ἀκουστέον.
1181 948 1260 988 Ubi
1281 947 1488 987 ἀκουστέον
1508 960 1584 1000 pro

304 996 568 1039 ὑπακουστέον
583 999 753 1052 positum
766 1000 840 1040 dici
860 999 996 1053 potest.
1012 1001 1085 1041 Sed
1097 1014 1187 1042 cum
1208 1001 1305 1041 dicat
1321 997 1395 1042 ἄνω
1408 1000 1584 1051 κείμενον,

305 1052 372 1105 (ut
385 1063 490 1093 certe
502 1066 603 1106 quae
612 1054 691 1094 ἀπὸ
704 1052 822 1094 κοινοῦ
832 1053 1102 1102 adsciscuntur,
1111 1068 1134 1095 e
1147 1054 1407 1109 superioribus
1417 1054 1585 1108 plerum-

305 1119 388 1159 que
398 1105 631 1161 sumuntur)
645 1117 774 1147 tamen
790 1108 956 1148 verbum
975 1108 1066 1148 illud
1085 1122 1167 1149 non
1186 1108 1260 1148 ἄνω
1275 1107 1338 1149 sed
1351 1108 1460 1148 κάτω
1472 1109 1583 1149 vide-

306 1173 395 1200 mus
407 1160 585 1208 κεῖσῑτοιι,
604 1173 648 1202 ut
667 1162 745 1202 illic
762 1162 877 1202 etiam
893 1163 1077 1202 monebo.
1097 1162 1282 1205 Ceterum
1304 1173 1349 1202 ut
1367 1161 1446 1201 ἀπο
1467 1161 1585 1203 κοινοῦ

306 1213 499 1268 plerisque
515 1215 554 1255 in
575 1215 671 1256 locis
685 1215 765 1255 sme
785 1215 1000 1256 adiefflone
1020 1216 1177 1270 legitur,
1190 1216 1243 1256 sic
1263 1215 1401 1256 alicubi
1414 1216 1455 1257 &
1474 1219 1586 1256 ιατὲο

305 1266 427 1308 κοινοῦ
440 1269 632 1309 occurrit:
655 1281 699 1310 ut
714 1283 799 1323 pag.
817 1271 934 1324 3141.
951 1285 1013 1323 13,
1030 1273 1138 1310 κατὰ
1150 1269 1271 1310 κοινοῦ
1289 1273 1332 1309 τὶι
1353 1269 1582 1324 κατείχετο.

307 1321 372 1364 Sic
386 1335 473 1376 pag.
490 1323 605 1384 3261.
625 1337 692 1371 22,
706 1326 813 1363 κατὰ
824 1322 942 1364 κοινοῦ
962 1328 1008 1363 τὸ
1028 1324 1064 1364 ἐν
1081 1321 1121 1373 5.
1136 1324 1208 1365 Sed
1225 1337 1355 1364 tamen
1367 1355 1381 1371 ,
1400 1335 1446 1364 ut
1457 1324 1586 1365 multo

307 1374 550 1430 frequentius
569 1376 646 1417 hoc
658 1391 775 1431 quam
796 1377 889 1417 illud
902 1379 1055 1430 legitur,
1070 1379 1122 1417 ita
1140 1379 1255 1418 etiam
1269 1377 1409 1419 reffius
1419 1378 1491 1419 dici
1503 1378 1588 1418 exi-

306 1429 432 1471 stimo.
446 1431 538 1471 Hoc
551 1442 654 1472 certe
673 1431 848 1479 constat,
869 1431 896 1471 fi
919 1431 1068 1486 ellipsin
1081 1432 1185 1472 illam
1200 1431 1384 1476 vocabuli
1403 1430 1587 1479 ληπτέον,

307 1494 378 1525 aut
390 1484 635 1535 λαμβάνεται
645 1515 656 1533 ,
675 1484 750 1526 effe
763 1486 825 1526 hic
836 1485 957 1526 dicam
963 1499 1007 1526 us
1019 1516 1031 1532 ,
1050 1498 1132 1526 non
1151 1489 1258 1526 κατὰ
1269 1484 1389 1526 κοινοῦ
1401 1516 1415 1536 ,
1428 1484 1490 1526 sed
1502 1485 1584 1524 &orb

306 1535 454 1584 κοινοῦ,
474 1538 549 1580 dici
571 1539 723 1580 debere.
743 1539 817 1580 Sed
837 1549 967 1580 tamen
983 1540 1135 1582 &illud
1154 1553 1236 1581 non
1255 1553 1338 1581 uno
1361 1540 1400 1580 in
1420 1540 1515 1580 loco
1532 1539 1587 1580 le-

308 1593 348 1647 gi
369 1591 508 1633 fateor.

364 1646 448 1686 Iam
460 1659 559 1687 vero
573 1646 715 1688 &illae
730 1647 842 1688 huius
856 1648 1088 1689 enarr-aroris
1100 1647 1381 1689 admonitiones
1392 1677 1406 1694 ,
1424 1660 1474 1688 ex
1492 1647 1587 1701 qui-

309 1699 385 1741 bus
401 1699 576 1741 discimus
589 1700 733 1754 aliquid
750 1700 823 1742 effe
837 1701 1003 1755 positum
1018 1702 1098 1742 καθ’
1112 1699 1335 1754 ὑπερβατὸν,
1353 1702 1400 1742 ad
1419 1702 1526 1742 hunc
1539 1702 1589 1742 de

309 1754 526 1795 verborum
540 1755 675 1795 ordine
696 1754 911 1796 sermonem
953 1757 1132 1796 ertinent.
1154 1757 1255 1796 Nam
1275 1755 1356 1796 καθ’
1375 1756 1587 1809 ὑπερβατον

312 1807 483 1862 pofitum
497 1809 587 1848 dicit
596 1837 608 1856 ‚
626 1809 732 1863 quod
745 1810 787 1848 in
799 1808 863 1849 sua
876 1809 912 1849 se
939 1823 960 1850 e
973 1823 1056 1850 non
1073 1809 1128 1850 est
1139 1841 1153 1857 ,
1170 1809 1232 1851 sed
1244 1822 1332 1850 eam
1345 1809 1454 1851 velut
1466 1807 1588 1850 trans-

310 1863 449 1903 cendit.
461 1861 616 1903 Alicubi
632 1876 731 1904 vero
746 1863 835 1903 dicit
854 1873 1007 1904 tantum
1020 1860 1237 1914 ὑπερβατόν·
1258 1874 1302 1904 ut
1341 1877 1400 1917 ag.
1418 1876 1492 1915 550
1509 1863 1533 1902 1.
1552 1878 1589 1913 1,

310 1915 387 1957 τῶν
404 1913 480 1956 ὕπο
495 1916 549 1967 τῷ
563 1916 729 1964 βασιλεῖ,
747 1916 969 1971 ὑπερβατὸν.
988 1920 1030 1957 τὸ
1046 1917 1091 1957 Σὲ
1105 1916 1203 1970 ἑξῆς,
1219 1876 1388 1958 αὗτοῗέὲ
1403 1915 1588 1969 οἰκοῦμεν,

310 1967 497 2023 ὗγεμόνες
511 1969 781 2011 καταστάντες
793 1971 868 2012 τῶν
882 1967 955 2012 ὑπὸ
971 1970 1025 2021 τῷ
1039 1971 1375 2024 βασιλεῖπρότερον
1392 1971 1516 2011 ἴντων.
1533 1970 1589 2010 At

311 2023 440 2077 vulgo
458 2025 576 2064 moris
593 2023 668 2074 est,
685 2024 723 2063 in
744 2025 788 2065 iis
805 2025 938 2078 potius
959 2025 1057 2066 locis
1079 2024 1154 2064 effe
1175 2024 1422 2078 hyperbaton
1437 2024 1589 2073 dicere,

313 2077 356 2117 in
372 2077 516 2131 quibus
536 2088 662 2118 totum
684 2078 842 2131 aliquod
861 2079 980 2119 colon
998 2090 1065 2119 aut
1083 2077 1212 2118 saltem
1227 2091 1380 2118 comma
1404 2079 1442 2118 in
1464 2078 1589 2118 sedem

313 2130 479 2171 alienam
500 2131 701 2171 traiestum
721 2132 785 2172 est.
802 2131 1023 2184 Dionysms
1037 2133 1162 2172 Halic.
1182 2130 1390 2185 ὑπερβατὸν
1404 2131 1591 2172 εάἰεᾶἰνε

315 2185 433 2225 etiam
455 2185 566 2226 dixit:
589 2186 656 2225 ubi
670 2186 769 2225 inter
783 2186 867 2232 illa,
890 2186 1032 2238 quibus
1046 2184 1282 2239 potiffimum
1295 2186 1344 2225 ab
1363 2185 1445 2226 aliis
1463 2185 1591 2226 differt

317 2239 383 2280 hic
403 2238 577 2292 scriptor,
600 2240 712 2292 ponit
732 2241 806 2280 τὰς
835 2235 1066 2293 ὑπερβωτοὺς
1091 2240 1156 2279 καὶ
1174 2238 1440 2279 πολυπλόκους
1458 2241 1523 2280 καὶ
1547 2239 1591 2292 ἐξ

319 2291 525 2333 ἀποκοπῆς
537 2294 671 2332 πολλὰ
683 2293 873 2343 σημαίνειν
886 2294 1111 2347 πράγματα
1121 2293 1349 2345 βουλομένας
1361 2295 1426 2333 καὶ
1436 2292 1505 2333 ἒιὲι
1513 2308 1592 2343 μοι·

318 2344 406 2397 xpo&
419 2349 493 2387 τὰς·
512 2346 721 2386 &nonnas
733 2347 1002 2397 λαμβανούσης
1021 2346 1170 2387 νοήσεις.
1188 2347 1251 2386 Ad
1270 2346 1444 2387 nostrum
1460 2358 1591 2387 autem

318 2411 585 2440 enarratorem
610 2400 716 2453 quod
743 2401 906 2447 attinet,
936 2401 1018 2441 eius
1042 2400 1221 2454 exemplo
1246 2399 1447 2453 poffumus
1476 2401 1593 2441 vocis

321 2454 439 2494 unius
451 2453 516 2494 seu
533 2454 699 2494 voculae
711 2450 994 2507 ὑπερβιβασμὶν
1009 2455 1140 2507 potius
1150 2485 1162 2503 ,
1178 2467 1298 2508 quam
1318 2452 1525 2506 ὑπερβατον
1539 2454 1594 2494 di-

323 2519 423 2551 cere.
451 2521 541 2550 nam
561 2507 686 2550 verbo
707 2506 1028 2565 ῦπερβιβάζεσδαι
1051 2508 1103 2549 ita
1129 2509 1271 2550 utitur:
1297 2519 1342 2550 ut
1361 2521 1448 2564 pag.
1471 2521 1546 2563 307
1564 2508 1593 2551 1.
