1690 3120
329 230 391 283 34
629 211 1311 264 H.STEPHAN1

326 317 404 358 que
417 302 584 358 propriis
597 303 892 358 comprehensas
906 304 1036 345 verbis
1046 336 1058 355 ,
1076 315 1120 345 ut
1131 305 1196 346 vel
1211 315 1375 359 propter
1387 317 1452 346 eas
1465 299 1608 361 (αἴροι’

327 369 366 398 te
393 359 431 397 in
452 357 594 411 quibus
617 369 793 398 veterum
814 358 1050 399 scholiorum
1070 359 1239 400 indolem
1258 359 1522 413 agnoscimus)
1541 362 1604 409 ei,

327 412 440 452 cuius
457 411 646 452 beneficio
662 412 708 451 ad
731 425 803 452 nos
818 415 890 452 liae
909 411 1115 465 ἑξηγῆσεις
1133 423 1396 467 pervenerunt
1409 444 1421 462 ‚
1444 427 1603 468 magnas

327 478 444 520 agere
457 467 594 519 gratias
608 466 826 506 debeamus.
838 466 974 506 Unum
989 479 1038 507 ex
1051 467 1342 521 quamplurimis
1356 468 1437 507 eius
1446 497 1459 514 ,
1481 481 1603 521 quam

327 520 425 566 dixi,
447 520 504 560 rei
525 519 744 573 exemplum
758 518 916 560 afferam
927 551 941 568 ,
964 520 1000 560 id
1013 521 1121 573 quod
1136 534 1220 560 mea
1235 520 1326 560 mihi
1345 521 1510 574 primuni
1528 535 1605 563 me·
1621 527 1627 535 “

329 574 457 614 moria
471 573 660 626 suggessit.
675 574 718 614 Id
735 587 784 613 ex
800 587 886 628 pag.
907 587 981 627 399
1001 573 1160 614 sumam.
1175 586 1356 614 narrante
1371 575 1473 614 enini
1491 575 1603 616 Thu·

327 628 490 680 cydide‚
507 628 771 668 Timocratem
808 628 1182 675 Lacedaemonium,
1214 629 1462 681 navigantem
1476 657 1488 676 ,
1511 642 1603 670 cum

330 683 444 722 navis
460 681 720 735 frangeretur,
746 681 872 735 gladio
897 679 933 721 se
957 680 1195 735 transegisse,
1218 681 1270 735 (si
1288 693 1416 722 tamen
1443 681 1605 734 ἔσφαξεν
1639 708 1641 710 -

329 734 463 776 ἑαυτὸν
481 736 555 776 hoc
571 736 717 789 potius,
731 749 846 788 quam
863 733 938 775 alio
954 735 1283 789 interpretandum
1298 735 1351 775 est
1368 736 1508 791 modo)
1521 736 1606 777 scri·
1654 776 1663 779 r

330 789 451 836 bitur,
469 792 676 829 Λακωνικὴν
690 792 860 842 φρόνημα
874 786 987 828 τοῦτο
1002 819 1015 835 ,
1033 790 1084 840 μὴ
1103 786 1169 830 ὑπ’
1191 789 1332 842 ἐχθρῶν
1349 788 1475 841 ἀξιοῦν
1495 791 1605 831 ἀναι-

330 842 478 898 ρεθῆναι.
500 844 640 883 Fateor
654 854 783 883 tamen
795 873 808 890 ‚
826 843 1120 883 annotationem
1139 843 1238 883 hanc
1256 843 1381 883 multo
1393 844 1507 883 etiam
1522 857 1606 884 ma-

331 898 391 950 gis
405 897 507 937 illam
523 909 701 937 veterum
716 896 952 937 scholiorum
964 896 1131 937 indolem
1151 910 1243 951 prae
1260 895 1297 937 se
1307 895 1407 936 ferre
1418 897 1606 951 potuisse,

331 952 360 991 si
377 952 447 991 hac
461 951 652 991 brevitate
667 950 801 1004 scripta
817 949 956 997 fuisset,
970 953 1178 991 Λακωνικὴν
1192 954 1235 989 τὸ
1249 951 1435 1004 φρόνημα,
1447 963 1528 991 non
1545 952 1606 992 ad-

331 1005 442 1046 ieeiis
460 1018 562 1058 quae
583 1004 805 1058 sequuntur.
821 1003 932 1057 Quid
945 1003 972 1043 fi
987 1017 1084 1045 vero
1099 1005 1147 1045 ab
1161 1004 1238 1045 alio
1250 1004 1395 1045 adiecta
1408 1015 1533 1046 cetera
1545 1003 1607 1046 fu-

331 1058 397 1099 isse
413 1058 656 1113 (praesertim
672 1071 761 1098 cum
776 1059 889 1099 etiam
906 1057 953 1098 fit
972 1059 1080 1112 quod
1097 1059 1168 1098 illis
1184 1059 1334 1113 opponi
1348 1057 1487 1112 poffit)
1507 1059 1607 1100 dica-

333 1112 448 1154 mus?
469 1113 540 1153 Sed
561 1112 607 1152 de
628 1113 700 1152 hac
721 1126 763 1152 re
785 1112 914 1166 plura,
932 1124 1024 1152 cum
1044 1112 1360 1153 annotationibus
1379 1113 1475 1154 meis
1493 1112 1607 1155 iocus

332 1167 395 1208 ille
435 1165 631 1220 ropofitus
643 1167 756 1206 fuerit
770 1166 1059 1206 examinandus.

430 1233 483 1260 on
509 1221 636 1260 minus
658 1233 778 1274 porro
790 1221 827 1258 in
844 1219 941 1267 istis,
961 1233 1077 1273 quam
1093 1219 1174 1260 aliis
1193 1218 1366 1268 scholiis,
1389 1219 1450 1273 (id
1469 1219 1544 1268 est,
1563 1220 1606 1262 in

335 1273 523 1329 plerisque
546 1274 687 1314 horum
704 1273 939 1315 scholiorum
957 1273 1080 1328 locis)
1103 1287 1148 1314 ac
1169 1272 1323 1314 fortaffe
1348 1275 1470 1327 magis
1487 1275 1606 1315 etiam

334 1341 451 1383 quam
471 1330 512 1367 in
525 1328 613 1368 ullis
626 1327 726 1375 aliis,
745 1329 822 1368 hoc
833 1328 905 1367 tibi
921 1328 1141 1381 continget,
1157 1338 1201 1368 ut
1215 1341 1315 1382 quae
1326 1340 1373 1367 ex
1405 1327 1518 1368 ositio
1529 1358 1541 1375 ‚
1561 1329 1607 1368 si-
1671 1334 1685 1346 ⁰

335 1382 533 1435 mulatqiie
559 1380 673 1422 fuerit
698 1382 795 1422 lec-[la
807 1413 818 1429 ‚
841 1380 1088 1435 displicuerit,
1117 1382 1250 1422 eadem
1277 1342 1418 1421 relefi'a
1443 1381 1604 1435 placeat.

335 1435 453 1489 Quin
467 1437 583 1476 etiarn
601 1435 708 1484 sunt,
725 1449 826 1489 quae
841 1437 970 1487 primo
985 1434 1137 1489 aspefitu
1149 1435 1272 1475 videri
1286 1435 1351 1475 ine
1379 1447 1439 1475 tae
1452 1436 1519 1475 tibi
1533 1449 1606 1490 po·

334 1499 484 1538 terunt,
505 1502 594 1530 cum
611 1490 657 1530 iis
677 1490 826 1530 releffis
840 1489 881 1529 &
894 1489 1110 1537 intelle-etis,
1125 1502 1209 1529 non
1233 1502 1318 1537 eas,
1351 1489 1398 1530 ed
1409 1500 1447 1529 te
1459 1489 1580 1543 ipsum
1592 1520 1608 1541 ,

336 1543 385 1585 sis
405 1543 662 1585 accusaturus.
679 1543 739 1585 Eo
755 1557 805 1594 ex
821 1556 962 1597 genere
976 1542 1044 1583 ista
1055 1542 1133 1590 est,
1149 1556 1236 1598 pag.
1255 1543 1368 1597 3461.
1383 1558 1430 1593 4,
1450 1544 1608 1595 Σκεψέι-

334 1597 461 1652 μενοι)
480 1597 640 1644 isium,
665 1598 745 1638 τοῖς
766 1595 963 1649 ὀφθαλμοῖς
988 1595 1173 1638 ἓηλονότι.
1197 1599 1453 1638 Annotantur
1473 1609 1607 1638 autem

337 1653 433 1692 haec
450 1653 490 1691 in
506 1650 617 1692 istum
630 1651 870 1704 Thucydidis
887 1651 1039 1700 locum,
1057 1651 1076 1691 ii
1096 1650 1257 1703 πέμψαι
1274 1649 1375 1700 σφῶν
1392 1646 1519 1691 αὐτῶν
1539 1648 1608 1692 ἄν·

339 1705 436 1758 θρας
452 1702 597 1746 οἵτινες
608 1707 792 1760 χρηστοὶ,
813 1704 877 1744 καὶ
893 1704 1042 1745 πιστῶς
1057 1703 1345 1759 ἀπαγγελοῦσι
1359 1703 1608 1756 cue-»limeum

338 1760 450 1813 Quid
458 1761 559 1800 enim
573 1760 736 1814 ineptius
748 1759 871 1813 prima
882 1757 1009 1799 fronte
1021 1758 1143 1799 videri
1155 1759 1320 1812 cuipiam
1334 1757 1462 1813 possit,
1499 1772 1606 1807 uam,

337 1814 416 1855 hoc
429 1814 528 1865 σκε4
535 1813 666 1864 άμενοι
678 1823 938 1867 exponentem
953 1812 1114 1859 ἰὸὀντες,
1127 1813 1164 1854 ei
1176 1813 1257 1853 τοῖς
1267 1811 1464 1863 ὀφθαλμοῖς
1507 1824 1608 1854 κλον-

338 1869 396 1908 ὁτι
416 1868 600 1909 adiicere?
615 1867 680 1907 An
696 1867 891 1907 metuebat
907 1866 1103 1920 (inquiet)
1119 1880 1170 1907 ne
1187 1867 1266 1907 hoc
1280 1866 1326 1907 de
1340 1866 1413 1907 alia
1427 1867 1607 1921 corporis

337 1933 462 1975 parte,
482 1935 600 1975 quam
616 1922 663 1961 de
683 1921 818 1970 oculis,
836 1920 1157 1974 intelligeremus?
1174 1921 1247 1961 Sed
1262 1921 1372 1962 audi:
1390 1933 1474 1974 quo
1484 1921 1609 1974 magis

338 1977 511 2030 ineptum
528 1975 670 2029 aliquid
689 1974 884 2022 occurrit,
902 1975 944 2015 &
961 1975 1026 2014 vel
1045 1987 1095 2014 eo
1113 1975 1271 2014 nomine
1291 1986 1316 2014 a
1333 1985 1372 2015 te
1394 1974 1606 2024 accusatur,

338 2043 390 2071 eo
402 2040 470 2070 tua
482 2029 551 2069 tibi
565 2028 754 2070 accusatio
767 2030 886 2082 magis
899 2027 1066 2083 suspeEla
1078 2027 1135 2068 sit.
1154 2027 1409 2069 Documento
1426 2039 1530 2070 certe
1543 2029 1607 2069 hic

339 2083 415 2124 effe
436 2083 548 2123 locus
567 2082 702 2136 potest.
726 2095 815 2122 nam
833 2095 948 2129 ecce,
967 2082 996 2122 si
1020 2081 1301 2144 expositionem
1326 2081 1433 2123 istam
1460 2093 1607 2124 attente

338 2136 640 2179 consideraveris
651 2166 662 2184 ‚
679 2136 770 2175 nihil
784 2147 886 2178 certe
902 2136 941 2175 in
952 2148 998 2176 ea
1010 2136 1081 2176 dici
1090 2166 1104 2182 ‚
1116 2135 1223 2188 quod
1236 2136 1314 2176 dici
1327 2148 1408 2176 non
1419 2137 1608 2187 debuerit,

339 2191 638 2238 animadvertes;
659 2188 721 2230 sed
739 2191 909 2230 dativum
928 2189 1007 2230 τοῖς
1028 2188 1246 2241 ὀφθαλμοῖς,
1261 2203 1380 2244 quem
1394 2191 1440 2231 ad
1453 2191 1607 2246 partici-

366 2246 447 2285 ium
462 2244 603 2285 ἰδόντες
622 2242 761 2293 refers,
782 2244 829 2284 ad
851 2244 1014 2284 alterum
1034 2242 1269 2295 σκεψάμενοι
1285 2243 1419 2284 referri
1438 2257 1462 2284 a
1484 2256 1524 2285 te
1541 2245 1608 2286 de-

336 2259 442 2340 gere.
461 2298 616 2339 Perinde
638 2310 682 2338 ac
702 2295 730 2337 si
751 2298 914 2346 diceret,
932 2297 1096 2337 verbum
1116 2298 1388 2345 σκέπτεσθαι,
1415 2311 1496 2339 non
1515 2299 1608 2339 dicit

339 2353 401 2393 hic
415 2353 486 2407 (ut
500 2351 659 2407 paffim)
676 2351 722 2391 de
735 2351 800 2399 iis,
820 2351 888 2405 qui
904 2351 1040 2391 mentis
1061 2351 1186 2392 oculis
1203 2352 1460 2400 σκέπτονται,
1476 2351 1538 2392 sed
1558 2352 1607 2393 de

338 2407 406 2454 iis,
423 2407 493 2461 qui
504 2405 628 2446 oculis
641 2405 830 2459 corporis.
849 2404 1019 2446 Fortaffe
1033 2405 1150 2458 igitur
1165 2405 1218 2445 ita
1230 2404 1404 2459 scriptam
1421 2406 1482 2446 hic
1494 2405 1607 2446 scho-

336 2459 459 2501 liastes
479 2459 761 2514 expositionem
783 2459 888 2498 istam
911 2458 1135 2512 reliquerat,
1157 2457 1420 2513 Σκέψαμενοι)
1446 2459 1606 2501 isar-tce.

339 2514 572 2568 σκέψαμενοι
585 2513 663 2556 τοῖς
674 2512 875 2568 ὀφθαλμοῖς
886 2512 1075 2567 δηλονότι.
1087 2513 1245 2554 Interim
1259 2523 1388 2555 tamen
1397 2543 1411 2563 ,
1430 2514 1550 2556 multa
1562 2514 1607 2555 in.
