<?xml version="1.0" encoding="UTF-8"?>
<!DOCTYPE html PUBLIC "-//W3C//DTD XHTML 1.0 Transitional//EN"
    "http://www.w3.org/TR/xhtml1/DTD/xhtml1-transitional.dtd">
<html xmlns="http://www.w3.org/1999/xhtml" xml:lang="en" lang="en">
 <head>
  <title>
</title>
<meta http-equiv="Content-Type" content="text/html;charset=utf-8" />
  <meta name='ocr-system' content='tesseract 3.04.00' />
  <meta name='ocr-capabilities' content='ocr_page ocr_carea ocr_par ocr_line ocrx_word'/>
</head>
<body>
  <div class='ocr_page' id='page_1' title='image "./debellopeloponn06thucuoft_0182.png"; bbox 0 0 1690 3120; ppageno 0'>
   <div class='ocr_carea' id='block_1_1' title="bbox 323 197 1407 262">
    <p class='ocr_par' dir='ltr' id='par_1_1' title="bbox 323 197 1407 262">
     <span class='ocr_line' id='line_1_1' title="bbox 323 197 1407 262; baseline -0.001 -15"><span class='ocrx_word' id='word_1_1' title='bbox 323 209 426 262; x_wconf 52' lang='lat'>&#39;174</span> <span class='ocrx_word' id='word_1_2' title='bbox 532 197 1407 247; x_wconf 76' lang='lat' dir='ltr'><strong>ANNOTATIONES</strong></span> 
     </span>
    </p>
   </div>
   <div class='ocr_carea' id='block_1_2' title="bbox 323 285 1629 2559">
    <p class='ocr_par' dir='ltr' id='par_1_2' title="bbox 326 285 1609 341">
     <span class='ocr_line' id='line_1_2' title="bbox 326 285 1609 341; baseline 0.005 -15"><span class='ocrx_word' id='word_1_3' title='bbox 326 288 383 326; x_wconf 84' lang='lat' dir='ltr'>cit</span> <span class='ocrx_word' id='word_1_4' title='bbox 404 285 451 326; x_wconf 88' lang='lat' dir='ltr'>ad</span> <span class='ocrx_word' id='word_1_5' title='bbox 472 298 541 334; x_wconf 86' lang='lat' dir='ltr'>ea,</span> <span class='ocrx_word' id='word_1_6' title='bbox 561 299 662 340; x_wconf 84' lang='lat' dir='ltr'>quae</span> <span class='ocrx_word' id='word_1_7' title='bbox 683 286 748 326; x_wconf 87' lang='lat' dir='ltr'>lib.</span> <span class='ocrx_word' id='word_1_8' title='bbox 764 287 783 326; x_wconf 92' lang='grc' dir='ltr'>Ι</span> <span class='ocrx_word' id='word_1_9' title='bbox 796 318 808 336; x_wconf 87' lang='grc'>,</span> <span class='ocrx_word' id='word_1_10' title='bbox 826 300 911 341; x_wconf 86' lang='lat' dir='ltr'>cap.</span> <span class='ocrx_word' id='word_1_11' title='bbox 935 299 1009 326; x_wconf 89' lang='lat'>102</span> <span class='ocrx_word' id='word_1_12' title='bbox 1031 287 1072 327; x_wconf 78' lang='grc' dir='ltr'>δι</span> <span class='ocrx_word' id='word_1_13' title='bbox 1099 300 1172 339; x_wconf 87' lang='lat'>107</span> <span class='ocrx_word' id='word_1_14' title='bbox 1192 298 1322 328; x_wconf 84' lang='lat' dir='ltr'>narrat</span> <span class='ocrx_word' id='word_1_15' title='bbox 1341 288 1609 341; x_wconf 73' lang='lat' dir='ltr'>Thucydides:</span> 
     </span>
    </p>

    <p class='ocr_par' dir='ltr' id='par_1_3' title="bbox 325 339 1610 773">
     <span class='ocr_line' id='line_1_3' title="bbox 384 339 1610 396; baseline 0.005 -16"><span class='ocrx_word' id='word_1_16' title='bbox 384 344 460 380; x_wconf 80' lang='lat' dir='ltr'>ead.</span> <span class='ocrx_word' id='word_1_17' title='bbox 471 341 495 381; x_wconf 90' lang='lat' dir='ltr'>l.</span> <span class='ocrx_word' id='word_1_18' title='bbox 513 354 574 394; x_wconf 85' lang='lat'>25.</span> <span class='ocrx_word' id='word_1_19' title='bbox 590 340 647 381; x_wconf 72' lang='grc' dir='ltr'>Μὴ</span> <span class='ocrx_word' id='word_1_20' title='bbox 661 339 860 382; x_wconf 58' lang='grc' dir='ltr'><strong><em>δεηθέντας</em></strong></span> <span class='ocrx_word' id='word_1_21' title='bbox 878 340 1049 382; x_wconf 60' lang='grc' dir='ltr'><strong><em>σπονὲὤν</em></strong></span> <span class='ocrx_word' id='word_1_22' title='bbox 1068 341 1235 396; x_wconf 72' lang='grc' dir='ltr'><strong><em>αἴτησιν)</em></strong></span> <span class='ocrx_word' id='word_1_23' title='bbox 1255 342 1391 383; x_wconf 87' lang='lat' dir='ltr'>Scribo</span> <span class='ocrx_word' id='word_1_24' title='bbox 1408 340 1610 386; x_wconf 65' lang='grc' dir='ltr'><strong><em>αἰτήσεως.</em></strong></span> 
     </span>
     <span class='ocr_line' id='line_1_4' title="bbox 329 394 1608 448; baseline 0.004 -14"><span class='ocrx_word' id='word_1_25' title='bbox 329 394 498 448; x_wconf 85' lang='lat' dir='ltr'>Alioqui</span> <span class='ocrx_word' id='word_1_26' title='bbox 513 395 714 434; x_wconf 90' lang='lat' dir='ltr'>dicendum</span> <span class='ocrx_word' id='word_1_27' title='bbox 736 394 827 435; x_wconf 76' lang='lat' dir='ltr'>esset</span> <span class='ocrx_word' id='word_1_28' title='bbox 842 395 1015 434; x_wconf 58' lang='grc' dir='ltr'><strong><em>σπονδὰς</em></strong></span> <span class='ocrx_word' id='word_1_29' title='bbox 1035 394 1206 435; x_wconf 66' lang='grc' dir='ltr'><strong><em>αἰτῆσαι·</em></strong></span> <span class='ocrx_word' id='word_1_30' title='bbox 1225 409 1364 436; x_wconf 88' lang='lat' dir='ltr'>verum</span> <span class='ocrx_word' id='word_1_31' title='bbox 1385 396 1475 437; x_wconf 88' lang='lat' dir='ltr'>illud</span> <span class='ocrx_word' id='word_1_32' title='bbox 1490 398 1608 439; x_wconf 83' lang='lat' dir='ltr'>malo.</span> 
     </span>
     <span class='ocr_line' id='line_1_5' title="bbox 326 447 1608 504; baseline 0.002 -16"><span class='ocrx_word' id='word_1_33' title='bbox 326 447 424 488; x_wconf 76' lang='lat' dir='ltr'>Ideo</span> <span class='ocrx_word' id='word_1_34' title='bbox 437 460 564 490; x_wconf 81' lang='lat' dir='ltr'>autem</span> <span class='ocrx_word' id='word_1_35' title='bbox 578 449 624 488; x_wconf 91' lang='lat' dir='ltr'>de</span> <span class='ocrx_word' id='word_1_36' title='bbox 637 450 712 489; x_wconf 90' lang='lat' dir='ltr'>hoc</span> <span class='ocrx_word' id='word_1_37' title='bbox 727 462 799 489; x_wconf 86' lang='lat' dir='ltr'>nos</span> <span class='ocrx_word' id='word_1_38' title='bbox 815 449 997 488; x_wconf 82' lang='lat' dir='ltr'>admonet</span> <span class='ocrx_word' id='word_1_39' title='bbox 1006 478 1021 496; x_wconf 90' lang='lat'>‚</span> <span class='ocrx_word' id='word_1_40' title='bbox 1041 451 1150 503; x_wconf 90' lang='lat' dir='ltr'>quod</span> <span class='ocrx_word' id='word_1_41' title='bbox 1163 450 1314 504; x_wconf 82' lang='lat' dir='ltr'>alioqui</span> <span class='ocrx_word' id='word_1_42' title='bbox 1329 450 1501 503; x_wconf 83' lang='lat' dir='ltr'>legamus</span> <span class='ocrx_word' id='word_1_43' title='bbox 1515 451 1608 491; x_wconf 84' lang='lat' dir='ltr'>alibi</span> 
     </span>
     <span class='ocr_line' id='line_1_6' title="bbox 326 500 1607 558; baseline 0.003 -16"><span class='ocrx_word' id='word_1_44' title='bbox 326 501 461 556; x_wconf 84' lang='lat' dir='ltr'>paffim</span> <span class='ocrx_word' id='word_1_45' title='bbox 489 500 754 544; x_wconf 52' lang='grc' dir='ltr'><strong><em>ὑποσπόνδους</em></strong></span> <span class='ocrx_word' id='word_1_46' title='bbox 776 503 865 543; x_wconf 77' lang='grc' dir='ltr'><strong><em>τοὺς</em></strong></span> <span class='ocrx_word' id='word_1_47' title='bbox 890 502 1032 557; x_wconf 80' lang='grc' dir='ltr'><strong><em>νεκροὺς</em></strong></span> <span class='ocrx_word' id='word_1_48' title='bbox 1054 504 1247 544; x_wconf 76' lang='grc' dir='ltr'><strong><em>ἀνείλοντο.</em></strong></span> <span class='ocrx_word' id='word_1_49' title='bbox 1265 507 1472 558; x_wconf 81' lang='lat' dir='ltr'>Sequestmm</span> <span class='ocrx_word' id='word_1_50' title='bbox 1484 518 1607 558; x_wconf 82' lang='lat' dir='ltr'><em>pacem</em></span> 
     </span>
     <span class='ocr_line' id='line_1_7' title="bbox 329 557 1607 611; baseline 0.003 -16"><span class='ocrx_word' id='word_1_51' title='bbox 329 557 511 611; x_wconf 88' lang='lat' dir='ltr'>(inquit)</span> <span class='ocrx_word' id='word_1_52' title='bbox 525 559 575 596; x_wconf 83' lang='lat' dir='ltr'>ad</span> <span class='ocrx_word' id='word_1_53' title='bbox 594 571 650 597; x_wconf 85' lang='lat' dir='ltr'>eos</span> <span class='ocrx_word' id='word_1_54' title='bbox 673 558 863 597; x_wconf 86' lang='lat' dir='ltr'>humandos</span> <span class='ocrx_word' id='word_1_55' title='bbox 886 558 1062 611; x_wconf 82' lang='lat' dir='ltr'>impetrare</span> <span class='ocrx_word' id='word_1_56' title='bbox 1078 558 1200 611; x_wconf 69' lang='lat' dir='ltr'>necfft</span> <span class='ocrx_word' id='word_1_57' title='bbox 1216 574 1286 599; x_wconf 84' lang='lat' dir='ltr'>non</span> <span class='ocrx_word' id='word_1_58' title='bbox 1299 559 1513 606; x_wconf 76' lang='lat' dir='ltr'>habuerunt,</span> <span class='ocrx_word' id='word_1_59' title='bbox 1528 574 1607 599; x_wconf 81' lang='lat' dir='ltr'>cum</span> 
     </span>
     <span class='ocr_line' id='line_1_8' title="bbox 329 609 1608 665; baseline 0.002 -15"><span class='ocrx_word' id='word_1_60' title='bbox 329 626 401 651; x_wconf 83' lang='lat' dir='ltr'>non</span> <span class='ocrx_word' id='word_1_61' title='bbox 414 614 550 652; x_wconf 81' lang='lat' dir='ltr'>omnino</span> <span class='ocrx_word' id='word_1_62' title='bbox 555 611 712 664; x_wconf 84' lang='lat' dir='ltr'>superati</span> <span class='ocrx_word' id='word_1_63' title='bbox 721 611 851 663; x_wconf 59' lang='lat' dir='ltr'>scirent.</span> <span class='ocrx_word' id='word_1_64' title='bbox 869 609 1107 664; x_wconf 88' lang='lat' dir='ltr'>Interpretor</span> <span class='ocrx_word' id='word_1_65' title='bbox 1119 623 1272 662; x_wconf 89' lang='lat' dir='ltr'>autem,</span> <span class='ocrx_word' id='word_1_66' title='bbox 1293 614 1428 653; x_wconf 81' lang='lat' dir='ltr'>omnino</span> <span class='ocrx_word' id='word_1_67' title='bbox 1437 613 1486 665; x_wconf 85' lang='lat' dir='ltr'>su</span> <span class='ocrx_word' id='word_1_68' title='bbox 1508 614 1608 663; x_wconf 79' lang='lat' dir='ltr'>erati,</span> 
     </span>
     <span class='ocr_line' id='line_1_9' title="bbox 325 628 1608 721; baseline 0.002 -16"><span class='ocrx_word' id='word_1_69' title='bbox 325 666 462 719; x_wconf 84' lang='lat' dir='ltr'>potius</span> <span class='ocrx_word' id='word_1_70' title='bbox 483 679 600 720; x_wconf 85' lang='lat' dir='ltr'>quam</span> <span class='ocrx_word' id='word_1_71' title='bbox 616 666 716 705; x_wconf 82' lang='lat' dir='ltr'>valde</span> <span class='ocrx_word' id='word_1_72' title='bbox 723 665 898 720; x_wconf 81' lang='lat' dir='ltr'>superati,</span> <span class='ocrx_word' id='word_1_73' title='bbox 917 665 1024 719; x_wconf 89' lang='lat' dir='ltr'>quod</span> <span class='ocrx_word' id='word_1_74' title='bbox 1038 665 1104 706; x_wconf 89' lang='lat' dir='ltr'>vel</span> <span class='ocrx_word' id='word_1_75' title='bbox 1121 666 1250 706; x_wconf 76' lang='grc' dir='ltr'><strong><em>πάντη</em></strong></span> <span class='ocrx_word' id='word_1_76' title='bbox 1269 666 1452 721; x_wconf 89' lang='lat' dir='ltr'>scriptum</span> <span class='ocrx_word' id='word_1_77' title='bbox 1471 628 1608 715; x_wconf 61' lang='lat' dir='ltr'>tiiiffe,</span> 
     </span>
     <span class='ocr_line' id='line_1_10' title="bbox 327 719 1606 773; baseline 0.001 -13"><span class='ocrx_word' id='word_1_78' title='bbox 327 719 397 760; x_wconf 80' lang='lat' dir='ltr'>vel</span> <span class='ocrx_word' id='word_1_79' title='bbox 411 719 466 759; x_wconf 91' lang='lat' dir='ltr'>illi</span> <span class='ocrx_word' id='word_1_80' title='bbox 484 721 585 760; x_wconf 75' lang='grc' dir='ltr'><strong><em>πάνυ</em></strong></span> <span class='ocrx_word' id='word_1_81' title='bbox 601 719 921 773; x_wconf 66' lang='lat' dir='ltr'>significationem</span> <span class='ocrx_word' id='word_1_82' title='bbox 941 719 1056 759; x_wconf 87' lang='lat' dir='ltr'>huius</span> <span class='ocrx_word' id='word_1_83' title='bbox 1069 720 1193 759; x_wconf 88' lang='lat' dir='ltr'>datam</span> <span class='ocrx_word' id='word_1_84' title='bbox 1214 719 1437 760; x_wconf 88' lang='lat' dir='ltr'>existimem.</span> <span class='ocrx_word' id='word_1_85' title='bbox 1450 721 1606 762; x_wconf 77' lang='lat' dir='ltr'>STEPH&#39;.</span> 
     </span>
    </p>

    <p class='ocr_par' dir='ltr' id='par_1_4' title="bbox 323 773 1609 1583">
     <span class='ocr_line' id='line_1_11' title="bbox 375 773 1607 829; baseline 0.003 -17"><span class='ocrx_word' id='word_1_86' title='bbox 375 778 451 814; x_wconf 82' lang='lat' dir='ltr'>ead.</span> <span class='ocrx_word' id='word_1_87' title='bbox 461 776 550 827; x_wconf 85' lang='lat' dir='ltr'>l.29.</span> <span class='ocrx_word' id='word_1_88' title='bbox 561 776 747 827; x_wconf 75' lang='grc' dir='ltr'><strong><em>Παρασιοι</em></strong></span> <span class='ocrx_word' id='word_1_89' title='bbox 759 773 961 827; x_wconf 57' lang='grc' dir='ltr'><em>Ἀρκαέεή</em></span> <span class='ocrx_word' id='word_1_90' title='bbox 975 773 1224 813; x_wconf 89' lang='lat' dir='ltr'>Scribendum</span> <span class='ocrx_word' id='word_1_91' title='bbox 1237 774 1455 829; x_wconf 78' lang='grc' dir='ltr'><strong><em>Παρῥασιοι.</em></strong></span> <span class='ocrx_word' id='word_1_92' title='bbox 1465 776 1607 817; x_wconf 82' lang='lat' dir='ltr'>Huns.</span> 
     </span>
     <span class='ocr_line' id='line_1_12' title="bbox 325 827 1607 881; baseline 0.002 -14"><span class='ocrx_word' id='word_1_93' title='bbox 325 827 473 869; x_wconf 59' lang='lat' dir='ltr'>Rede:</span> <span class='ocrx_word' id='word_1_94' title='bbox 495 841 584 868; x_wconf 88' lang='lat' dir='ltr'>nam</span> <span class='ocrx_word' id='word_1_95' title='bbox 599 840 682 868; x_wconf 91' lang='lat' dir='ltr'>non</span> <span class='ocrx_word' id='word_1_96' title='bbox 695 830 879 881; x_wconf 75' lang='grc' dir='ltr'><strong><em>Παράσιοι</em></strong></span> <span class='ocrx_word' id='word_1_97' title='bbox 891 856 905 874; x_wconf 90' lang='grc'><strong><em>,</em></strong></span> <span class='ocrx_word' id='word_1_98' title='bbox 925 827 987 867; x_wconf 89' lang='lat' dir='ltr'>sed</span> <span class='ocrx_word' id='word_1_99' title='bbox 1001 827 1306 881; x_wconf 69' lang='grc' dir='ltr'><strong><em>Παῤῥάσιονΐυηῑ</em></strong></span> <span class='ocrx_word' id='word_1_100' title='bbox 1320 829 1357 868; x_wconf 83' lang='grc' dir='ltr'>ἰη</span> <span class='ocrx_word' id='word_1_101' title='bbox 1369 828 1544 869; x_wconf 83' lang='lat' dir='ltr'>Arcadia.</span> <span class='ocrx_word' id='word_1_102' title='bbox 1555 829 1607 870; x_wconf 84' lang='lat' dir='ltr'>Et</span> 
     </span>
     <span class='ocr_line' id='line_1_13' title="bbox 324 880 1608 936; baseline 0.002 -15"><span class='ocrx_word' id='word_1_103' title='bbox 324 881 493 922; x_wconf 83' lang='lat' dir='ltr'>fortaffis</span> <span class='ocrx_word' id='word_1_104' title='bbox 506 883 560 921; x_wconf 82' lang='lat' dir='ltr'>ita</span> <span class='ocrx_word' id='word_1_105' title='bbox 571 881 759 936; x_wconf 85' lang='lat' dir='ltr'>scripserit</span> <span class='ocrx_word' id='word_1_106' title='bbox 772 880 1012 929; x_wconf 85' lang='lat' dir='ltr'>Scholiastes,</span> <span class='ocrx_word' id='word_1_107' title='bbox 1025 893 1069 921; x_wconf 89' lang='lat' dir='ltr'>ut</span> <span class='ocrx_word' id='word_1_108' title='bbox 1079 880 1321 934; x_wconf 82' lang='lat' dir='ltr'>fignificaret,</span> <span class='ocrx_word' id='word_1_109' title='bbox 1339 894 1418 923; x_wconf 88' lang='lat' dir='ltr'>non</span> <span class='ocrx_word' id='word_1_110' title='bbox 1430 881 1505 923; x_wconf 75' lang='lat' dir='ltr'>efl&#39;e</span> <span class='ocrx_word' id='word_1_111' title='bbox 1516 895 1608 924; x_wconf 87' lang='lat' dir='ltr'>con-</span> 
     </span>
     <span class='ocr_line' id='line_1_14' title="bbox 326 934 1608 990; baseline 0.002 -14"><span class='ocrx_word' id='word_1_112' title='bbox 326 934 545 976; x_wconf 86' lang='lat' dir='ltr'>fundendos</span> <span class='ocrx_word' id='word_1_113' title='bbox 566 937 805 990; x_wconf 77' lang='grc' dir='ltr'><strong><em>Ποιῤῥασίους</em></strong></span> <span class='ocrx_word' id='word_1_114' title='bbox 824 936 1013 976; x_wconf 84' lang='lat' dir='ltr'>Arcadiae</span> <span class='ocrx_word' id='word_1_115' title='bbox 1038 949 1130 976; x_wconf 89' lang='lat' dir='ltr'>cum</span> <span class='ocrx_word' id='word_1_116' title='bbox 1158 940 1362 990; x_wconf 76' lang='grc' dir='ltr'><strong><em>Παρασίοις</em></strong></span> <span class='ocrx_word' id='word_1_117' title='bbox 1378 935 1608 979; x_wconf 70' lang='lat' dir='ltr'>Thessaliae.</span> 
     </span>
     <span class='ocr_line' id='line_1_15' title="bbox 327 989 1605 1044; baseline 0.002 -14"><span class='ocrx_word' id='word_1_118' title='bbox 327 990 402 1031; x_wconf 89' lang='lat' dir='ltr'>Sed</span> <span class='ocrx_word' id='word_1_119' title='bbox 415 991 508 1044; x_wconf 88' lang='lat' dir='ltr'>quid</span> <span class='ocrx_word' id='word_1_120' title='bbox 520 990 588 1038; x_wconf 88' lang='lat' dir='ltr'>est,</span> <span class='ocrx_word' id='word_1_121' title='bbox 605 991 715 1044; x_wconf 91' lang='lat' dir='ltr'>quod</span> <span class='ocrx_word' id='word_1_122' title='bbox 729 990 832 1030; x_wconf 85' lang='lat' dir='ltr'>addit</span> <span class='ocrx_word' id='word_1_123' title='bbox 844 989 1087 1036; x_wconf 86' lang='lat' dir='ltr'>Scholiastes,</span> <span class='ocrx_word' id='word_1_124' title='bbox 1098 990 1284 1042; x_wconf 72' lang='grc' dir='ltr'><strong><em>Παράσιοι</em></strong></span> <span class='ocrx_word' id='word_1_125' title='bbox 1301 991 1518 1040; x_wconf 76' lang='grc' dir='ltr'><strong><em>Θεσσαλοί;</em></strong></span> <span class='ocrx_word' id='word_1_126' title='bbox 1536 1002 1605 1032; x_wconf 89' lang='lat' dir='ltr'>aut</span> 
     </span>
     <span class='ocr_line' id='line_1_16' title="bbox 326 1042 1607 1104; baseline 0.001 -20"><span class='ocrx_word' id='word_1_127' title='bbox 326 1045 395 1098; x_wconf 89' lang='lat' dir='ltr'>qui</span> <span class='ocrx_word' id='word_1_128' title='bbox 411 1044 495 1084; x_wconf 88' lang='lat' dir='ltr'>sunt</span> <span class='ocrx_word' id='word_1_129' title='bbox 507 1044 559 1084; x_wconf 85' lang='lat' dir='ltr'>illi</span> <span class='ocrx_word' id='word_1_130' title='bbox 572 1045 758 1098; x_wconf 70' lang='grc' dir='ltr'><strong><em>Παρασιοι</em></strong></span> <span class='ocrx_word' id='word_1_131' title='bbox 771 1042 986 1084; x_wconf 86' lang='lat' dir='ltr'>Theffaliae</span> <span class='ocrx_word' id='word_1_132' title='bbox 995 1075 1010 1092; x_wconf 94' lang='lat'>,</span> <span class='ocrx_word' id='word_1_133' title='bbox 1031 1056 1132 1104; x_wconf 85' lang='lat' dir='ltr'>quos</span> <span class='ocrx_word' id='word_1_134' title='bbox 1146 1044 1263 1084; x_wconf 85' lang='lat' dir='ltr'>etiam</span> <span class='ocrx_word' id='word_1_135' title='bbox 1277 1044 1528 1097; x_wconf 77' lang='lat' dir='ltr'>Thucydides</span> <span class='ocrx_word' id='word_1_136' title='bbox 1543 1045 1607 1086; x_wconf 89' lang='lat' dir='ltr'>hic</span> 
     </span>
     <span class='ocr_line' id='line_1_17' title="bbox 324 1098 1607 1152; baseline 0.002 -14"><span class='ocrx_word' id='word_1_137' title='bbox 324 1101 546 1140; x_wconf 82' lang='lat' dir='ltr'>memorat?</span> <span class='ocrx_word' id='word_1_138' title='bbox 572 1098 719 1139; x_wconf 85' lang='lat' dir='ltr'>Eorum</span> <span class='ocrx_word' id='word_1_139' title='bbox 733 1099 969 1138; x_wconf 86' lang='lat' dir='ltr'>mentionem</span> <span class='ocrx_word' id='word_1_140' title='bbox 983 1102 1172 1152; x_wconf 79' lang='lat' dir='ltr'>nuiquam</span> <span class='ocrx_word' id='word_1_141' title='bbox 1185 1098 1277 1138; x_wconf 86' lang='lat' dir='ltr'>alibi</span> <span class='ocrx_word' id='word_1_142' title='bbox 1288 1099 1462 1147; x_wconf 89' lang='lat' dir='ltr'>invenio,</span> <span class='ocrx_word' id='word_1_143' title='bbox 1471 1099 1511 1139; x_wconf 75' lang='grc' dir='ltr'>δι</span> <span class='ocrx_word' id='word_1_144' title='bbox 1523 1112 1607 1140; x_wconf 84' lang='lat' dir='ltr'>cre-</span> 
     </span>
     <span class='ocr_line' id='line_1_18' title="bbox 324 1152 1607 1206; baseline 0.001 -14"><span class='ocrx_word' id='word_1_145' title='bbox 324 1154 381 1192; x_wconf 85' lang='lat' dir='ltr'>do</span> <span class='ocrx_word' id='word_1_146' title='bbox 392 1153 471 1194; x_wconf 90' lang='lat' dir='ltr'>hoc</span> <span class='ocrx_word' id='word_1_147' title='bbox 486 1165 630 1193; x_wconf 88' lang='lat' dir='ltr'>nomen</span> <span class='ocrx_word' id='word_1_148' title='bbox 644 1153 684 1192; x_wconf 90' lang='lat' dir='ltr'>in</span> <span class='ocrx_word' id='word_1_149' title='bbox 699 1153 933 1205; x_wconf 86' lang='lat' dir='ltr'>Thucydide</span> <span class='ocrx_word' id='word_1_150' title='bbox 944 1161 1199 1206; x_wconf 81' lang='lat' dir='ltr'>corruptum,</span> <span class='ocrx_word' id='word_1_151' title='bbox 1215 1164 1261 1192; x_wconf 86' lang='lat' dir='ltr'>ac</span> <span class='ocrx_word' id='word_1_152' title='bbox 1273 1165 1346 1206; x_wconf 89' lang='lat' dir='ltr'>pro</span> <span class='ocrx_word' id='word_1_153' title='bbox 1359 1165 1410 1192; x_wconf 89' lang='lat' dir='ltr'>eo</span> <span class='ocrx_word' id='word_1_154' title='bbox 1421 1152 1607 1206; x_wconf 72' lang='grc' dir='ltr'><strong><em>Παραλιοι</em></strong></span> 
     </span>
     <span class='ocr_line' id='line_1_19' title="bbox 323 1205 1607 1260; baseline 0.002 -14"><span class='ocrx_word' id='word_1_155' title='bbox 323 1206 566 1247; x_wconf 78' lang='lat' dir='ltr'>scribendum</span> <span class='ocrx_word' id='word_1_156' title='bbox 581 1205 667 1247; x_wconf 81' lang='lat' dir='ltr'>effe.</span> <span class='ocrx_word' id='word_1_157' title='bbox 682 1207 916 1260; x_wconf 84' lang='lat' dir='ltr'>Stephanus:</span> <span class='ocrx_word' id='word_1_158' title='bbox 934 1207 1111 1260; x_wconf 70' lang='grc' dir='ltr'><strong><em>Πάραλος</em></strong></span> <span class='ocrx_word' id='word_1_159' title='bbox 1129 1206 1164 1246; x_wconf 80' lang='grc' dir='ltr'>ἑν</span> <span class='ocrx_word' id='word_1_160' title='bbox 1178 1206 1521 1257; x_wconf 78' lang='grc' dir='ltr'><strong><em>Θεσσαλία,πὸλις</em></strong></span> <span class='ocrx_word' id='word_1_161' title='bbox 1530 1206 1607 1249; x_wconf 75' lang='grc' dir='ltr'>τῶν</span> 
     </span>
     <span class='ocr_line' id='line_1_20' title="bbox 326 1257 1609 1314; baseline -0.003 -13"><span class='ocrx_word' id='word_1_162' title='bbox 326 1261 512 1307; x_wconf 76' lang='grc' dir='ltr'>Μηλιέων,</span> <span class='ocrx_word' id='word_1_163' title='bbox 530 1257 573 1301; x_wconf 67' lang='grc' dir='ltr'>’ἧς</span> <span class='ocrx_word' id='word_1_164' title='bbox 586 1262 617 1300; x_wconf 79' lang='lat' dir='ltr'>oi</span> <span class='ocrx_word' id='word_1_165' title='bbox 630 1261 792 1300; x_wconf 76' lang='grc' dir='ltr'><strong><em>πολῖται</em></strong></span> <span class='ocrx_word' id='word_1_166' title='bbox 808 1262 1001 1314; x_wconf 72' lang='grc' dir='ltr'><strong><em>Παραλιοι.</em></strong></span> <span class='ocrx_word' id='word_1_167' title='bbox 1012 1261 1062 1301; x_wconf 89' lang='lat' dir='ltr'>Et</span> <span class='ocrx_word' id='word_1_168' title='bbox 1075 1259 1331 1311; x_wconf 79' lang='lat' dir='ltr'>Thucydides</span> <span class='ocrx_word' id='word_1_169' title='bbox 1344 1260 1415 1305; x_wconf 85' lang='grc' dir='ltr'>ΠΙ,</span> <span class='ocrx_word' id='word_1_170' title='bbox 1435 1274 1486 1311; x_wconf 85' lang='lat'>92</span> <span class='ocrx_word' id='word_1_171' title='bbox 1499 1276 1509 1301; x_wconf 76' lang='grc' dir='ltr'><strong><em>ε</em></strong></span> <span class='ocrx_word' id='word_1_172' title='bbox 1527 1266 1609 1303; x_wconf 84' lang='lat' dir='ltr'>Mn.</span> 
     </span>
     <span class='ocr_line' id='line_1_21' title="bbox 324 1313 1607 1369; baseline -0.002 -14"><span class='ocrx_word' id='word_1_173' title='bbox 324 1315 422 1355; x_wconf 76' lang='grc' dir='ltr'><strong><em>λιεῖς</em></strong></span> <span class='ocrx_word' id='word_1_174' title='bbox 435 1314 464 1355; x_wconf 82' lang='grc' dir='ltr'>οἱ</span> <span class='ocrx_word' id='word_1_175' title='bbox 485 1314 723 1367; x_wconf 76' lang='grc' dir='ltr'><strong><em>ξύμπαντες,</em></strong></span> <span class='ocrx_word' id='word_1_176' title='bbox 738 1314 808 1355; x_wconf 80' lang='grc' dir='ltr'><strong><em>εἰσὶ</em></strong></span> <span class='ocrx_word' id='word_1_177' title='bbox 822 1314 892 1367; x_wconf 79' lang='grc' dir='ltr'>μὲν</span> <span class='ocrx_word' id='word_1_178' title='bbox 906 1315 992 1367; x_wconf 81' lang='grc' dir='ltr'><strong><em>τρία</em></strong></span> <span class='ocrx_word' id='word_1_179' title='bbox 1008 1315 1099 1367; x_wconf 75' lang='grc' dir='ltr'>μέρη</span> <span class='ocrx_word' id='word_1_180' title='bbox 1109 1343 1123 1361; x_wconf 91' lang='lat'><em>,</em></span> <span class='ocrx_word' id='word_1_181' title='bbox 1141 1313 1328 1367; x_wconf 69' lang='grc' dir='ltr'><strong><em>Παραλίοι</em></strong></span> <span class='ocrx_word' id='word_1_182' title='bbox 1341 1344 1354 1361; x_wconf 90' lang='grc'><strong><em>,</em></strong></span> <span class='ocrx_word' id='word_1_183' title='bbox 1373 1314 1458 1367; x_wconf 71' lang='grc' dir='ltr'>Ἱερῇ</span> <span class='ocrx_word' id='word_1_184' title='bbox 1462 1329 1495 1362; x_wconf 86' lang='grc' dir='ltr'>ς,</span> <span class='ocrx_word' id='word_1_185' title='bbox 1509 1318 1607 1369; x_wconf 80' lang='grc' dir='ltr'><strong><em>Τρα-</em></strong></span> 
     </span>
     <span class='ocr_line' id='line_1_22' title="bbox 327 1367 1606 1424; baseline 0.001 -16"><span class='ocrx_word' id='word_1_186' title='bbox 327 1371 460 1424; x_wconf 80' lang='grc' dir='ltr'><strong><em>χίνιοι.</em></strong></span> <span class='ocrx_word' id='word_1_187' title='bbox 479 1369 561 1409; x_wconf 89' lang='lat' dir='ltr'>Alii</span> <span class='ocrx_word' id='word_1_188' title='bbox 582 1371 631 1409; x_wconf 89' lang='lat' dir='ltr'>ab</span> <span class='ocrx_word' id='word_1_189' title='bbox 658 1369 716 1409; x_wconf 87' lang='lat' dir='ltr'>his</span> <span class='ocrx_word' id='word_1_190' title='bbox 732 1368 820 1409; x_wconf 89' lang='lat' dir='ltr'>sunt</span> <span class='ocrx_word' id='word_1_191' title='bbox 844 1368 1037 1422; x_wconf 71' lang='grc' dir='ltr'><strong><em>Πειρασιοι</em></strong></span> <span class='ocrx_word' id='word_1_192' title='bbox 1066 1368 1196 1408; x_wconf 89' lang='lat' dir='ltr'>itidem</span> <span class='ocrx_word' id='word_1_193' title='bbox 1217 1367 1389 1409; x_wconf 84' lang='lat' dir='ltr'>Theffali</span> <span class='ocrx_word' id='word_1_194' title='bbox 1402 1397 1416 1415; x_wconf 91' lang='lat'>‚</span> <span class='ocrx_word' id='word_1_195' title='bbox 1434 1381 1606 1422; x_wconf 87' lang='lat' dir='ltr'>quorum</span> 
     </span>
     <span class='ocr_line' id='line_1_23' title="bbox 328 1421 1609 1478; baseline -0.004 -14"><span class='ocrx_word' id='word_1_196' title='bbox 328 1424 423 1464; x_wconf 87' lang='lat' dir='ltr'>urbs</span> <span class='ocrx_word' id='word_1_197' title='bbox 434 1423 632 1478; x_wconf 84' lang='lat' dir='ltr'>Stephano</span> <span class='ocrx_word' id='word_1_198' title='bbox 648 1423 703 1464; x_wconf 84' lang='lat' dir='ltr'>est</span> <span class='ocrx_word' id='word_1_199' title='bbox 718 1422 927 1475; x_wconf 80' lang='grc' dir='ltr'><strong><em>Πειρασία,</em></strong></span> <span class='ocrx_word' id='word_1_200' title='bbox 945 1421 1057 1462; x_wconf 74' lang='grc' dir='ltr'><strong><em>πόλις</em></strong></span> <span class='ocrx_word' id='word_1_201' title='bbox 1076 1421 1315 1476; x_wconf 60' lang='grc' dir='ltr'><strong><em>Μαγνησίαν</em></strong></span> <span class='ocrx_word' id='word_1_202' title='bbox 1337 1421 1459 1461; x_wconf 58' lang='lat' dir='ltr'>{eumen</span> <span class='ocrx_word' id='word_1_203' title='bbox 1472 1427 1609 1476; x_wconf 83' lang='grc' dir='ltr'><strong><em>Πειρα.</em></strong></span> 
     </span>
     <span class='ocr_line' id='line_1_24' title="bbox 328 1475 1608 1530; baseline 0.001 -13"><span class='ocrx_word' id='word_1_204' title='bbox 328 1477 430 1518; x_wconf 80' lang='grc' dir='ltr'><strong><em>σιεὺς</em></strong></span> <span class='ocrx_word' id='word_1_205' title='bbox 444 1477 484 1518; x_wconf 87' lang='lat'>&amp;</span> <span class='ocrx_word' id='word_1_206' title='bbox 504 1478 699 1530; x_wconf 82' lang='grc' dir='ltr'><strong><em>Πειρέσιος·</em></strong></span> <span class='ocrx_word' id='word_1_207' title='bbox 715 1490 805 1516; x_wconf 88' lang='lat' dir='ltr'>nam</span> <span class='ocrx_word' id='word_1_208' title='bbox 822 1476 864 1517; x_wconf 88' lang='lat'>&amp;</span> <span class='ocrx_word' id='word_1_209' title='bbox 879 1476 973 1516; x_wconf 87' lang='lat' dir='ltr'>urbs</span> <span class='ocrx_word' id='word_1_210' title='bbox 991 1475 1182 1529; x_wconf 76' lang='grc' dir='ltr'><strong><em>Πειρεσιαὶ</em></strong></span> <span class='ocrx_word' id='word_1_211' title='bbox 1200 1475 1243 1516; x_wconf 87' lang='lat'>&amp;</span> <span class='ocrx_word' id='word_1_212' title='bbox 1256 1476 1432 1530; x_wconf 77' lang='grc' dir='ltr'><strong><em>Πειρεσίοι</em></strong></span> <span class='ocrx_word' id='word_1_213' title='bbox 1453 1476 1608 1518; x_wconf 85' lang='lat' dir='ltr'>dicitur.</span> 
     </span>
     <span class='ocr_line' id='line_1_25' title="bbox 326 1529 1603 1583; baseline -0.004 -10"><span class='ocrx_word' id='word_1_214' title='bbox 326 1533 431 1573; x_wconf 86' lang='lat' dir='ltr'>Vide</span> <span class='ocrx_word' id='word_1_215' title='bbox 448 1530 693 1571; x_wconf 87' lang='lat' dir='ltr'>Holstenium</span> <span class='ocrx_word' id='word_1_216' title='bbox 715 1532 762 1570; x_wconf 87' lang='lat' dir='ltr'>ad</span> <span class='ocrx_word' id='word_1_217' title='bbox 782 1532 819 1570; x_wconf 92' lang='lat' dir='ltr'>h.</span> <span class='ocrx_word' id='word_1_218' title='bbox 845 1531 869 1570; x_wconf 92' lang='lat'>1.</span> <span class='ocrx_word' id='word_1_219' title='bbox 890 1529 1084 1583; x_wconf 85' lang='lat' dir='ltr'>Stephani.</span> <span class='ocrx_word' id='word_1_220' title='bbox 1579 1547 1603 1572; x_wconf 64' lang='grc' dir='ltr'>ιι</span> 
     </span>
    </p>

    <p class='ocr_par' dir='ltr' id='par_1_5' title="bbox 324 1581 1608 1693">
     <span class='ocr_line' id='line_1_26' title="bbox 383 1581 1608 1640; baseline 0.001 -15"><span class='ocrx_word' id='word_1_221' title='bbox 383 1588 460 1625; x_wconf 88' lang='lat' dir='ltr'>ead.</span> <span class='ocrx_word' id='word_1_222' title='bbox 477 1587 500 1624; x_wconf 92' lang='lat' dir='ltr'>l.</span> <span class='ocrx_word' id='word_1_223' title='bbox 518 1600 579 1640; x_wconf 83' lang='lat'>32.</span> <span class='ocrx_word' id='word_1_224' title='bbox 599 1584 889 1638; x_wconf 73' lang='grc' dir='ltr'><strong><em>Δυμοκρατίαν)</em></strong></span> <span class='ocrx_word' id='word_1_225' title='bbox 912 1584 1132 1624; x_wconf 87' lang='lat' dir='ltr'>Videndum</span> <span class='ocrx_word' id='word_1_226' title='bbox 1145 1614 1157 1633; x_wconf 90' lang='lat'><strong>‚</strong></span> <span class='ocrx_word' id='word_1_227' title='bbox 1177 1596 1227 1623; x_wconf 82' lang='lat' dir='ltr'>an</span> <span class='ocrx_word' id='word_1_228' title='bbox 1241 1596 1324 1625; x_wconf 87' lang='lat' dir='ltr'>non</span> <span class='ocrx_word' id='word_1_229' title='bbox 1347 1581 1458 1625; x_wconf 78' lang='lat' dir='ltr'>scribi</span> <span class='ocrx_word' id='word_1_230' title='bbox 1471 1583 1608 1626; x_wconf 83' lang='lat' dir='ltr'>debeat</span> 
     </span>
     <span class='ocr_line' id='line_1_27' title="bbox 324 1637 1490 1693; baseline -0.003 -13"><span class='ocrx_word' id='word_1_231' title='bbox 324 1640 399 1681; x_wconf 65' lang='lat'>8130</span> <span class='ocrx_word' id='word_1_232' title='bbox 411 1640 673 1693; x_wconf 61' lang='grc' dir='ltr'><strong><em>ἒημοκρατίαν</em></strong></span> <span class='ocrx_word' id='word_1_233' title='bbox 684 1639 725 1679; x_wconf 88' lang='lat'>&amp;</span> <span class='ocrx_word' id='word_1_234' title='bbox 737 1639 791 1679; x_wconf 57' lang='grc' dir='ltr'>δι’</span> <span class='ocrx_word' id='word_1_235' title='bbox 803 1637 1053 1692; x_wconf 71' lang='grc' dir='ltr'><strong><em>ὀλιγαρχίαν.</em></strong></span> <span class='ocrx_word' id='word_1_236' title='bbox 1071 1637 1228 1678; x_wconf 80' lang='lat' dir='ltr'>STEPH.</span> <span class='ocrx_word' id='word_1_237' title='bbox 1485 1679 1490 1689; x_wconf 35' lang='lat'><strong><em>⁴</em></strong></span> 
     </span>
    </p>

    <p class='ocr_par' dir='ltr' id='par_1_6' title="bbox 326 1690 1608 1801">
     <span class='ocr_line' id='line_1_28' title="bbox 381 1690 1608 1748; baseline 0 -14"><span class='ocrx_word' id='word_1_238' title='bbox 381 1697 455 1734; x_wconf 81' lang='lat' dir='ltr'>ead.</span> <span class='ocrx_word' id='word_1_239' title='bbox 469 1695 494 1734; x_wconf 87' lang='lat' dir='ltr'>l.</span> <span class='ocrx_word' id='word_1_240' title='bbox 508 1708 569 1748; x_wconf 81' lang='lat'>35.</span> <span class='ocrx_word' id='word_1_241' title='bbox 584 1693 627 1733; x_wconf 82' lang='lat' dir='ltr'>‘O</span> <span class='ocrx_word' id='word_1_242' title='bbox 646 1692 921 1747; x_wconf 79' lang='grc' dir='ltr'><strong><em>Σωφρονίσκου)</em></strong></span> <span class='ocrx_word' id='word_1_243' title='bbox 940 1692 1074 1732; x_wconf 80' lang='lat' dir='ltr'>Malim</span> <span class='ocrx_word' id='word_1_244' title='bbox 1088 1691 1106 1733; x_wconf 72' lang='lat' dir='ltr'>ii</span> <span class='ocrx_word' id='word_1_245' title='bbox 1126 1691 1142 1732; x_wconf 84' lang='grc' dir='ltr'><strong><em>ὃ</em></strong></span> <span class='ocrx_word' id='word_1_246' title='bbox 1157 1690 1417 1746; x_wconf 76' lang='grc' dir='ltr'><strong><em>Σωφρονίσκου.</em></strong></span> <span class='ocrx_word' id='word_1_247' title='bbox 1436 1690 1532 1734; x_wconf 80' lang='lat' dir='ltr'>ferri</span> <span class='ocrx_word' id='word_1_248' title='bbox 1545 1702 1608 1734; x_wconf 84' lang='lat' dir='ltr'>ta-</span> 
     </span>
     <span class='ocr_line' id='line_1_29' title="bbox 326 1746 1062 1801; baseline -0.007 -11"><span class='ocrx_word' id='word_1_249' title='bbox 326 1762 419 1791; x_wconf 84' lang='lat' dir='ltr'>men</span> <span class='ocrx_word' id='word_1_250' title='bbox 434 1749 478 1788; x_wconf 84' lang='lat'>&amp;</span> <span class='ocrx_word' id='word_1_251' title='bbox 495 1748 615 1788; x_wconf 84' lang='lat' dir='ltr'>altera</span> <span class='ocrx_word' id='word_1_252' title='bbox 628 1747 742 1787; x_wconf 68' lang='lat' dir='ltr'>leffio</span> <span class='ocrx_word' id='word_1_253' title='bbox 756 1746 891 1801; x_wconf 83' lang='lat' dir='ltr'>potest.</span> <span class='ocrx_word' id='word_1_254' title='bbox 907 1746 1062 1786; x_wconf 77' lang='lat' dir='ltr'>STEPH.</span> 
     </span>
    </p>

    <p class='ocr_par' dir='ltr' id='par_1_7' title="bbox 328 1798 1607 1908">
     <span class='ocr_line' id='line_1_30' title="bbox 381 1798 1607 1858; baseline 0.002 -17"><span class='ocrx_word' id='word_1_255' title='bbox 381 1804 474 1858; x_wconf 81' lang='lat' dir='ltr'>Pag.</span> <span class='ocrx_word' id='word_1_256' title='bbox 487 1816 574 1855; x_wconf 87' lang='lat'>379.</span> <span class='ocrx_word' id='word_1_257' title='bbox 587 1803 610 1841; x_wconf 90' lang='lat' dir='ltr'>l.</span> <span class='ocrx_word' id='word_1_258' title='bbox 627 1801 664 1841; x_wconf 91' lang='lat'>6.</span> <span class='ocrx_word' id='word_1_259' title='bbox 678 1802 860 1854; x_wconf 57' lang='grc' dir='ltr'><strong><em>Μεγάλου</em></strong></span> <span class='ocrx_word' id='word_1_260' title='bbox 882 1800 978 1841; x_wconf 60' lang='lat' dir='ltr'>neves.</span> <span class='ocrx_word' id='word_1_261' title='bbox 1000 1799 1125 1854; x_wconf 80' lang='grc' dir='ltr'><strong><em>κρεμ.)</em></strong></span> <span class='ocrx_word' id='word_1_262' title='bbox 1138 1799 1231 1840; x_wconf 90' lang='lat' dir='ltr'>Non</span> <span class='ocrx_word' id='word_1_263' title='bbox 1249 1798 1328 1841; x_wconf 82' lang='lat' dir='ltr'>scio</span> <span class='ocrx_word' id='word_1_264' title='bbox 1339 1831 1350 1847; x_wconf 94' lang='lat'>‚</span> <span class='ocrx_word' id='word_1_265' title='bbox 1370 1813 1488 1855; x_wconf 82' lang='lat' dir='ltr'>quam</span> <span class='ocrx_word' id='word_1_266' title='bbox 1505 1801 1607 1843; x_wconf 80' lang='lat' dir='ltr'>bene</span> 
     </span>
     <span class='ocr_line' id='line_1_31' title="bbox 328 1854 1607 1908; baseline -0.002 -10"><span class='ocrx_word' id='word_1_267' title='bbox 328 1856 408 1899; x_wconf 82' lang='lat' dir='ltr'>hoc</span> <span class='ocrx_word' id='word_1_268' title='bbox 424 1859 584 1898; x_wconf 87' lang='lat' dir='ltr'>dicatur.</span> <span class='ocrx_word' id='word_1_269' title='bbox 599 1855 700 1896; x_wconf 64' lang='lat' dir='ltr'>Kt‘ch.</span> <span class='ocrx_word' id='word_1_270' title='bbox 717 1855 951 1907; x_wconf 74' lang='grc' dir='ltr'><strong><em>ἐπικείμενος</em></strong></span> <span class='ocrx_word' id='word_1_271' title='bbox 971 1854 1012 1895; x_wconf 88' lang='lat'>&amp;</span> <span class='ocrx_word' id='word_1_272' title='bbox 1030 1854 1324 1908; x_wconf 72' lang='grc' dir='ltr'><strong><em>ἑπιιιρεμέιμσνος</em></strong></span> <span class='ocrx_word' id='word_1_273' title='bbox 1336 1856 1438 1896; x_wconf 60' lang='lat' dir='ltr'>reete</span> <span class='ocrx_word' id='word_1_274' title='bbox 1454 1855 1607 1895; x_wconf 82' lang='lat' dir='ltr'>dicitur.</span> 
     </span>
    </p>

    <p class='ocr_par' dir='ltr' id='par_1_8' title="bbox 329 1907 1607 2017">
     <span class='ocr_line' id='line_1_32' title="bbox 385 1907 1607 1963; baseline -0.001 -12"><span class='ocrx_word' id='word_1_275' title='bbox 385 1914 462 1952; x_wconf 87' lang='lat' dir='ltr'>ead.</span> <span class='ocrx_word' id='word_1_276' title='bbox 475 1912 500 1951; x_wconf 91' lang='lat' dir='ltr'>l.</span> <span class='ocrx_word' id='word_1_277' title='bbox 510 1924 546 1960; x_wconf 92' lang='lat'>7.</span> <span class='ocrx_word' id='word_1_278' title='bbox 558 1910 759 1956; x_wconf 78' lang='grc' dir='ltr'><strong><em>Ἔσέβαλον</em></strong></span> <span class='ocrx_word' id='word_1_279' title='bbox 773 1909 824 1949; x_wconf 81' lang='grc' dir='ltr'>εἰς</span> <span class='ocrx_word' id='word_1_280' title='bbox 835 1909 903 1950; x_wconf 68' lang='grc' dir='ltr'>τὴν</span> <span class='ocrx_word' id='word_1_281' title='bbox 915 1907 1088 1950; x_wconf 67' lang='grc' dir='ltr'><strong><em>Ἀττικὴν</em></strong></span> <span class='ocrx_word' id='word_1_282' title='bbox 1098 1907 1168 1949; x_wconf 61' lang='grc' dir='ltr'>ὃιὲι</span> <span class='ocrx_word' id='word_1_283' title='bbox 1179 1909 1244 1949; x_wconf 66' lang='grc' dir='ltr'>τὶν</span> <span class='ocrx_word' id='word_1_284' title='bbox 1255 1907 1438 1963; x_wconf 69' lang='grc' dir='ltr'><strong><em>Πειραιοῖ)</em></strong></span> <span class='ocrx_word' id='word_1_285' title='bbox 1453 1909 1607 1957; x_wconf 82' lang='grc' dir='ltr'><strong><em>Εὶσέβα-</em></strong></span> 
     </span>
     <span class='ocr_line' id='line_1_33' title="bbox 329 1962 820 2017; baseline -0.004 -11"><span class='ocrx_word' id='word_1_286' title='bbox 329 1977 393 2007; x_wconf 79' lang='grc' dir='ltr'><strong><em>λον</em></strong></span> <span class='ocrx_word' id='word_1_287' title='bbox 407 1965 460 2005; x_wconf 77' lang='grc' dir='ltr'>εἰς</span> <span class='ocrx_word' id='word_1_288' title='bbox 472 1967 535 2005; x_wconf 63' lang='grc' dir='ltr'>τὸν</span> <span class='ocrx_word' id='word_1_289' title='bbox 547 1962 708 2017; x_wconf 67' lang='grc' dir='ltr'><strong><em>Πειραιᾶ</em></strong></span> <span class='ocrx_word' id='word_1_290' title='bbox 720 1963 820 2004; x_wconf 55' lang='lat' dir='ltr'>Cast}</span> 
     </span>
    </p>

    <p class='ocr_par' dir='ltr' id='par_1_9' title="bbox 326 2013 1604 2127">
     <span class='ocr_line' id='line_1_34' title="bbox 382 2013 1604 2072; baseline -0.002 -13"><span class='ocrx_word' id='word_1_291' title='bbox 382 2022 458 2059; x_wconf 87' lang='lat' dir='ltr'>ead.</span> <span class='ocrx_word' id='word_1_292' title='bbox 470 2019 497 2058; x_wconf 90' lang='lat' dir='ltr'>l.</span> <span class='ocrx_word' id='word_1_293' title='bbox 508 2033 546 2072; x_wconf 89' lang='lat'>9.</span> <span class='ocrx_word' id='word_1_294' title='bbox 561 2019 616 2058; x_wconf 88' lang='grc' dir='ltr'>Ἐν</span> <span class='ocrx_word' id='word_1_295' title='bbox 629 2016 679 2069; x_wconf 66' lang='grc' dir='ltr'>τῇ</span> <span class='ocrx_word' id='word_1_296' title='bbox 692 2015 919 2071; x_wconf 70' lang='grc' dir='ltr'><strong><em>ναυμαχίᾳ)</em></strong></span> <span class='ocrx_word' id='word_1_297' title='bbox 931 2016 1025 2057; x_wconf 90' lang='lat' dir='ltr'>Non</span> <span class='ocrx_word' id='word_1_298' title='bbox 1039 2014 1124 2057; x_wconf 90' lang='lat' dir='ltr'>sunt</span> <span class='ocrx_word' id='word_1_299' title='bbox 1138 2015 1179 2056; x_wconf 84' lang='lat' dir='ltr'>in</span> <span class='ocrx_word' id='word_1_300' title='bbox 1193 2013 1295 2056; x_wconf 82' lang='lat' dir='ltr'>Caff.</span> <span class='ocrx_word' id='word_1_301' title='bbox 1308 2027 1380 2056; x_wconf 88' lang='lat' dir='ltr'>nec</span> <span class='ocrx_word' id='word_1_302' title='bbox 1391 2028 1604 2072; x_wconf 85' lang='lat' dir='ltr'>magnope-</span> 
     </span>
     <span class='ocr_line' id='line_1_35' title="bbox 326 2073 647 2127; baseline -0.009 -13"><span class='ocrx_word' id='word_1_303' title='bbox 326 2086 370 2114; x_wconf 79' lang='lat' dir='ltr'>re</span> <span class='ocrx_word' id='word_1_304' title='bbox 386 2073 647 2127; x_wconf 84' lang='lat' dir='ltr'>requiruntur.</span> 
     </span>
    </p>

    <p class='ocr_par' dir='ltr' id='par_1_10' title="bbox 326 2121 1604 2221">
     <span class='ocr_line' id='line_1_36' title="bbox 382 2121 1604 2179; baseline -0.002 -12"><span class='ocrx_word' id='word_1_305' title='bbox 382 2130 455 2168; x_wconf 87' lang='lat' dir='ltr'>ead.</span> <span class='ocrx_word' id='word_1_306' title='bbox 466 2128 490 2166; x_wconf 88' lang='lat' dir='ltr'>l.</span> <span class='ocrx_word' id='word_1_307' title='bbox 506 2140 566 2165; x_wconf 91' lang='lat'>10.</span> <span class='ocrx_word' id='word_1_308' title='bbox 581 2125 658 2166; x_wconf 75' lang='grc' dir='ltr'>Τῶν</span> <span class='ocrx_word' id='word_1_309' title='bbox 669 2123 892 2179; x_wconf 78' lang='grc' dir='ltr'><strong><em>ταλάντων)</em></strong></span> <span class='ocrx_word' id='word_1_310' title='bbox 904 2123 1072 2165; x_wconf 87' lang='lat' dir='ltr'>Videtur</span> <span class='ocrx_word' id='word_1_311' title='bbox 1085 2121 1263 2164; x_wconf 85' lang='lat' dir='ltr'>excidiffe</span> <span class='ocrx_word' id='word_1_312' title='bbox 1277 2122 1409 2172; x_wconf 85' lang='lat' dir='ltr'>litera,</span> <span class='ocrx_word' id='word_1_313' title='bbox 1425 2133 1522 2165; x_wconf 85' lang='lat' dir='ltr'>nota</span> <span class='ocrx_word' id='word_1_314' title='bbox 1533 2137 1604 2166; x_wconf 87' lang='lat' dir='ltr'>nu-</span> 
     </span>
     <span class='ocr_line' id='line_1_37' title="bbox 326 2179 648 2221; baseline -0.009 0"><span class='ocrx_word' id='word_1_315' title='bbox 326 2182 425 2221; x_wconf 87' lang='lat' dir='ltr'>meri</span> <span class='ocrx_word' id='word_1_316' title='bbox 439 2179 648 2220; x_wconf 81' lang='lat' dir='ltr'>millenarii.</span> 
     </span>
    </p>

    <p class='ocr_par' dir='ltr' id='par_1_11' title="bbox 326 2228 1629 2559">
     <span class='ocr_line' id='line_1_38' title="bbox 381 2228 1604 2284; baseline -0.002 -10"><span class='ocrx_word' id='word_1_317' title='bbox 381 2236 455 2274; x_wconf 85' lang='lat' dir='ltr'>ead.</span> <span class='ocrx_word' id='word_1_318' title='bbox 469 2236 492 2274; x_wconf 88' lang='lat' dir='ltr'>l.</span> <span class='ocrx_word' id='word_1_319' title='bbox 513 2247 528 2272; x_wconf 88' lang='lat'>1</span> <span class='ocrx_word' id='word_1_320' title='bbox 539 2247 571 2274; x_wconf 86' lang='lat'>1.</span> <span class='ocrx_word' id='word_1_321' title='bbox 583 2233 711 2273; x_wconf 83' lang='grc' dir='ltr'><strong><em>Λείπει</em></strong></span> <span class='ocrx_word' id='word_1_322' title='bbox 725 2231 895 2280; x_wconf 71' lang='grc' dir='ltr'><strong><em>πολλῶν)</em></strong></span> <span class='ocrx_word' id='word_1_323' title='bbox 912 2230 1257 2284; x_wconf 85' lang='lat' dir='ltr'>Quemadmodum</span> <span class='ocrx_word' id='word_1_324' title='bbox 1277 2230 1339 2271; x_wconf 88' lang='lat' dir='ltr'>hic</span> <span class='ocrx_word' id='word_1_325' title='bbox 1353 2228 1440 2272; x_wconf 85' lang='lat' dir='ltr'>vult</span> <span class='ocrx_word' id='word_1_326' title='bbox 1451 2243 1473 2270; x_wconf 90' lang='lat' dir='ltr'>a</span> <span class='ocrx_word' id='word_1_327' title='bbox 1488 2230 1604 2272; x_wconf 81' lang='lat' dir='ltr'>nobis</span> 
     </span>
     <span class='ocr_line' id='line_1_39' title="bbox 326 2284 1604 2339; baseline -0.003 -9"><span class='ocrx_word' id='word_1_328' title='bbox 326 2288 482 2330; x_wconf 74' lang='grc' dir='ltr'><strong><em>πολλῶν</em></strong></span> <span class='ocrx_word' id='word_1_329' title='bbox 495 2300 584 2328; x_wconf 91' lang='lat' dir='ltr'>cum</span> <span class='ocrx_word' id='word_1_330' title='bbox 597 2286 789 2339; x_wconf 73' lang='grc' dir='ltr'><strong><em>ἀνθρώπων</em></strong></span> <span class='ocrx_word' id='word_1_331' title='bbox 803 2285 995 2326; x_wconf 74' lang='lat' dir='ltr'>iubaudiri</span> <span class='ocrx_word' id='word_1_332' title='bbox 1005 2317 1018 2334; x_wconf 81' lang='grc'><em>,</em></span> <span class='ocrx_word' id='word_1_333' title='bbox 1035 2285 1143 2339; x_wconf 90' lang='lat' dir='ltr'>(nam</span> <span class='ocrx_word' id='word_1_334' title='bbox 1158 2285 1213 2324; x_wconf 87' lang='lat' dir='ltr'>ita</span> <span class='ocrx_word' id='word_1_335' title='bbox 1225 2284 1512 2338; x_wconf 85' lang='lat' dir='ltr'>intelligendum</span> <span class='ocrx_word' id='word_1_336' title='bbox 1525 2284 1604 2327; x_wconf 82' lang='lat' dir='ltr'>effe</span> 
     </span>
     <span class='ocr_line' id='line_1_40' title="bbox 326 2338 1604 2393; baseline -0.003 -10"><span class='ocrx_word' id='word_1_337' title='bbox 326 2343 480 2390; x_wconf 80' lang='grc' dir='ltr'><strong><em>λείπειν,</em></strong></span> <span class='ocrx_word' id='word_1_338' title='bbox 499 2341 617 2381; x_wconf 86' lang='lat' dir='ltr'>docui</span> <span class='ocrx_word' id='word_1_339' title='bbox 637 2341 677 2380; x_wconf 89' lang='lat' dir='ltr'>in</span> <span class='ocrx_word' id='word_1_340' title='bbox 700 2338 1006 2393; x_wconf 78' lang='lat' dir='ltr'>Proparasceue)</span> <span class='ocrx_word' id='word_1_341' title='bbox 1027 2340 1079 2379; x_wconf 87' lang='lat' dir='ltr'>ita</span> <span class='ocrx_word' id='word_1_342' title='bbox 1101 2339 1214 2378; x_wconf 87' lang='lat' dir='ltr'>etiam</span> <span class='ocrx_word' id='word_1_343' title='bbox 1237 2351 1321 2392; x_wconf 85' lang='lat' dir='ltr'>pag.</span> <span class='ocrx_word' id='word_1_344' title='bbox 1347 2353 1423 2393; x_wconf 83' lang='lat'>377</span> <span class='ocrx_word' id='word_1_345' title='bbox 1444 2338 1470 2379; x_wconf 86' lang='lat'>1.</span> <span class='ocrx_word' id='word_1_346' title='bbox 1495 2353 1520 2392; x_wconf 95' lang='lat'><strong>9</strong></span> <span class='ocrx_word' id='word_1_347' title='bbox 1547 2341 1604 2379; x_wconf 69' lang='grc' dir='ltr'>τὲ</span> 
     </span>
     <span class='ocr_line' id='line_1_41' title="bbox 328 2391 1602 2451; baseline -0.002 -14"><span class='ocrx_word' id='word_1_348' title='bbox 328 2396 448 2451; x_wconf 74' lang='grc' dir='ltr'><strong><em>ἔρημα</em></strong></span> <span class='ocrx_word' id='word_1_349' title='bbox 467 2394 538 2436; x_wconf 68' lang='grc' dir='ltr'>τῆς</span> <span class='ocrx_word' id='word_1_350' title='bbox 556 2395 699 2434; x_wconf 73' lang='grc' dir='ltr'><strong><em>πόλεως</em></strong></span> <span class='ocrx_word' id='word_1_351' title='bbox 713 2395 786 2434; x_wconf 86' lang='lat' dir='ltr'>dici</span> <span class='ocrx_word' id='word_1_352' title='bbox 801 2394 1002 2433; x_wconf 86' lang='lat' dir='ltr'>admonuit</span> <span class='ocrx_word' id='word_1_353' title='bbox 1014 2395 1067 2432; x_wconf 71' lang='grc' dir='ltr'>τὰ</span> <span class='ocrx_word' id='word_1_354' title='bbox 1080 2391 1351 2446; x_wconf 67' lang='grc' dir='ltr'><strong><em>ὀλιγάνθρωποι·</em></strong></span> <span class='ocrx_word' id='word_1_355' title='bbox 1378 2393 1430 2432; x_wconf 84' lang='lat' dir='ltr'>ita</span> <span class='ocrx_word' id='word_1_356' title='bbox 1443 2404 1488 2434; x_wconf 91' lang='lat' dir='ltr'>ut</span> <span class='ocrx_word' id='word_1_357' title='bbox 1501 2393 1602 2434; x_wconf 85' lang='lat' dir='ltr'>idem</span> 
     </span>
     <span class='ocr_line' id='line_1_42' title="bbox 331 2442 1629 2505; baseline -0.002 -15"><span class='ocrx_word' id='word_1_358' title='bbox 331 2450 569 2505; x_wconf 88' lang='lat' dir='ltr'>hyperboles</span> <span class='ocrx_word' id='word_1_359' title='bbox 596 2461 718 2502; x_wconf 87' lang='lat' dir='ltr'>genus</span> <span class='ocrx_word' id='word_1_360' title='bbox 739 2447 786 2487; x_wconf 83' lang='lat' dir='ltr'>fit</span> <span class='ocrx_word' id='word_1_361' title='bbox 809 2448 1026 2501; x_wconf 86' lang='lat' dir='ltr'>utrobique.</span> <span class='ocrx_word' id='word_1_362' title='bbox 1048 2447 1201 2487; x_wconf 71' lang='lat' dir='ltr'>Sum.</span> <span class='ocrx_word' id='word_1_363' title='bbox 1225 2445 1319 2500; x_wconf 87' lang='lat' dir='ltr'>Agit</span> <span class='ocrx_word' id='word_1_364' title='bbox 1336 2447 1449 2488; x_wconf 88' lang='lat' dir='ltr'>etiam</span> <span class='ocrx_word' id='word_1_365' title='bbox 1463 2447 1603 2489; x_wconf 85' lang='lat' dir='ltr'>dehoc</span> <span class='ocrx_word' id='word_1_366' title='bbox 1621 2442 1629 2453; x_wconf 84' lang='lat'><strong><em>&#39;</em></strong></span> 
     </span>
     <span class='ocr_line' id='line_1_43' title="bbox 333 2500 1388 2559; baseline -0.002 -13"><span class='ocrx_word' id='word_1_367' title='bbox 333 2505 427 2548; x_wconf 88' lang='lat' dir='ltr'>loco</span> <span class='ocrx_word' id='word_1_368' title='bbox 443 2505 484 2547; x_wconf 85' lang='lat' dir='ltr'>in</span> <span class='ocrx_word' id='word_1_369' title='bbox 496 2503 675 2559; x_wconf 86' lang='lat' dir='ltr'>Append.</span> <span class='ocrx_word' id='word_1_370' title='bbox 692 2502 740 2544; x_wconf 84' lang='lat' dir='ltr'>ad</span> <span class='ocrx_word' id='word_1_371' title='bbox 755 2502 902 2557; x_wconf 83' lang='lat' dir='ltr'>Scripta</span> <span class='ocrx_word' id='word_1_372' title='bbox 912 2503 959 2543; x_wconf 89' lang='lat' dir='ltr'>de</span> <span class='ocrx_word' id='word_1_373' title='bbox 971 2500 1078 2543; x_wconf 87' lang='lat' dir='ltr'>Dial.</span> <span class='ocrx_word' id='word_1_374' title='bbox 1095 2502 1178 2543; x_wconf 89' lang='lat' dir='ltr'>Att.</span> <span class='ocrx_word' id='word_1_375' title='bbox 1194 2513 1280 2555; x_wconf 87' lang='lat' dir='ltr'>pag.</span> <span class='ocrx_word' id='word_1_376' title='bbox 1299 2514 1315 2541; x_wconf 83' lang='lat'>1</span> <span class='ocrx_word' id='word_1_377' title='bbox 1326 2514 1388 2555; x_wconf 85' lang='lat'>¹7·</span> 
     </span>
    </p>
   </div>
  </div>
 </body>
</html>
