1690 3120
334 203 431 259 268
532 198 1416 252 ANNOTATIONES

336 310 400 338 ιο.
417 295 486 337 Ille
498 296 655 350 quidem
678 308 759 336 non
781 295 992 350 praestitit,
1012 294 1118 350 quod
1137 295 1175 334 in
1190 295 1322 336 animo
1342 291 1528 334 habebat:
1547 290 1612 333 sed

333 350 433 391 mihi
449 351 616 391 verbum
634 350 904 401 ἀποφαίνομεν,
920 362 1048 403 neque
1063 350 1111 389 ad
1127 349 1357 402 praecedens
1375 347 1526 402 ὁρῶμεν,
1542 359 1611 388 ne·

333 417 415 459 que
430 405 477 444 ad
488 404 684 458 sequentia
698 403 906 444 commode
916 401 1051 443 referri
1064 402 1170 457 poffe
1187 403 1352 444 videtur.

387 458 500 498 ead.l.
521 472 584 508 24.
600 458 750 510 Φοβερὸν
765 457 826 511 τι)
844 456 1084 511 Φοβερώτερὸν
1097 471 1150 497 τι.

387 515 461 552 ead.
477 513 501 552 l.
517 527 577 564 32.
598 510 720 562 Ἣμῖις
751 511 926 571 ἀπέντας
950 508 1310 565 καταέουλωθιῗναι)
1334 508 1611 562 Thucydides:
1671 507 1673 509 ¹

332 564 389 618 μὴ
404 565 535 606 παθεῖν
547 566 593 606 ἓὲ
604 565 753 616 μᾶλλον
763 579 874 606 τουτο
889 565 1134 606 κωλύσοντες.
1151 563 1288 611 Reae,
1304 574 1349 604 ut
1361 563 1517 626 quidem
1531 563 1615 616 opi·

332 633 489 667 namur,
501 620 624 661 reddit
641 619 831 667 L.Valla,
854 619 954 659 immo
965 619 1084 671 potius
1097 650 1110 668 ‚
1128 629 1168 659 ut
1184 634 1225 658 ne
1245 620 1308 658 hoc
1323 630 1519 672 panantur,
1528 631 1615 669 pro-
1666 631 1667 642 ³

335 674 520 725 hiheamus,
531 675 616 715 Nec
628 673 840 727 culpandus
850 673 965 714 Aem.
977 673 1130 718 Portus,
1143 671 1304 713 secunda
1315 670 1476 727 persona
1486 681 1616 720 utens,

334 744 376 768 ne
387 731 450 768 lzoc
463 730 561 769 vobis
574 729 718 768 accidat.
732 728 814 767 Pari
826 727 948 768 modo
958 727 1127 767 Aeacius
1138 727 1180 767 δι
1192 725 1485 766 Ablancurrius.
1497 724 1616 764 Intel-

334 782 459 838 ligunt
472 783 534 823 hic
547 795 684 836 nempe
695 781 848 822 Siculos
858 812 869 830 ‚
889 793 992 835 quos
1006 780 1060 832 μὴ
1074 779 1207 821 παθεῖν
1218 778 1383 820 smerent
1395 778 1618 820 Athenien-

334 835 405 877 ses.
420 836 648 878 Scholiastes
666 847 804 876 contra
816 836 1024 890 patientem
1039 833 1244 889 personam
1256 833 1348 874 facit
1360 833 1548 888 populum
1562 831 1618 873 A·

336 890 594 932 *heniensium
614 889 736 931 hisce:
753 891 904 941 μᾶλλον
922 887 1032 929 τοῦτο
1057 887 1303 952 κωλύσοντες)
1323 885 1424 938 »ip-Ec
1444 885 1618 927 ἀπόντας

337 943 688 986 καταὲουλωθιῖναι·
705 945 770 984 καὶ
783 943 944 985 &auerso
959 942 1215 996 ἐπιφερόμενον
1226 955 1350 990 τουτῳ
1362 939 1513 993 μᾶλλον
1532 954 1619 982 συν-

336 998 459 1048 asem.
478 999 606 1040 Immo
619 999 763 1047 dicam,
777 1011 858 1039 non
874 998 1012 1038 debere
1028 996 1224 1050 sequentia
1239 995 1300 1036 hic
1316 996 1484 1035 multum
1502 993 1619 1049 respii-

335 1054 399 1103 ci,
422 1053 480 1107 (in
493 1054 637 1107 quihus
650 1065 733 1093 non
755 1053 984 1106 negaverim
1006 1051 1150 1104 aliquid
1174 1048 1250 1090 effe
1265 1061 1340 1104 pro
1357 1047 1619 1098 Scholiasta‚)
1669 1067 1674 1074 =

337 1107 431 1148 dum
449 1107 624 1160 praesens
640 1107 820 1161 periodus
832 1105 982 1147 sensum
998 1105 1095 1160 parit
1108 1114 1188 1145 tam
1204 1116 1440 1158 congruum,
1460 1112 1540 1143 tam
1551 1111 1621 1142 ro‘·

337 1162 518 1202 tundum.
532 1160 759 1202 Persuadere
773 1161 878 1201 enim
890 1159 970 1200 istis
991 1169 1156 1200 conatur
1167 1157 1298 1199 verbis
1309 1157 1547 1211 Euphemus,
1562 1155 1622 1196 Si·-
1664 1187 1667 1189 .

337 1215 519 1256 culorum
531 1229 613 1256 rem
645 1215 812 1255 ublicam
830 1214 1105 1256 &libertatem
1128 1225 1200 1253 nec
1220 1225 1243 1252 a
1259 1210 1336 1252 suis
1350 1209 1621 1265 (Atheniensi-

339 1270 435 1317 bus)
450 1270 591 1324 aliquid
628 1270 730 1310 amni
742 1267 936 1322 paffuram
948 1266 1023 1308 effe
1036 1298 1046 1316 ,
1065 1279 1138 1308 nec
1149 1266 1315 1307 aliorum
1329 1265 1479 1306 iniuriis
1491 1264 1534 1305 &
1546 1276 1622 1317 op·

337 1323 523 1378 preffioni
537 1324 809 1378 exponendam
819 1354 833 1372 ‚
853 1323 996 1377 paratis
1007 1319 1307 1362 Atheniensibus
1320 1319 1501 1373 quemvis
1510 1318 1560 1358 ab
1574 1329 1622 1358 ea
1671 1335 1673 1340 ·

339 1378 566 1419 attentanda
578 1377 726 1419 hostem
737 1390 881 1418 arcere,
893 1376 985 1417 Non
1001 1373 1310 1416 diffimulandum
1331 1373 1484 1414 interim
1497 1404 1509 1422 ‚
1526 1370 1624 1413 Phil.
1668 1415 1670 1417 ,

340 1432 689 1473 Melanchthonem
702 1430 839 1486 cepiffe
853 1431 985 1471 locum
1001 1443 1052 1471 eo
1064 1429 1200 1476 modo,
1220 1440 1304 1482 quo
1317 1425 1560 1472 Scholiasta,
1575 1437 1624 1467 ac

338 1485 495 1527 vertisse
509 1487 583 1528 ita:
598 1485 666 1540 sed
672 1486 790 1540 potius
801 1498 841 1526 ut
851 1485 1072 1538 impediamus
1084 1498 1162 1531 eos,
1179 1483 1238 1536 qui
1246 1483 1376 1536 nostrae
1388 1480 1532 1521 libertati
1541 1481 1624 1532 infi-

338 1541 495 1588 diamur,
509 1541 575 1582 vel
594 1541 662 1594 qui
683 1540 798 1580 nobis
814 1538 1073 1580 formidabiles
1091 1535 1190 1590 sunt.
1213 1535 1388 1577 Alteram
1407 1543 1560 1584 tamen,
1578 1542 1624 1574 ut

344 1595 450 1642 dixi,
471 1594 694 1635 sententiam
715 1593 1005 1648 praeferendam
1021 1589 1342 1646 puto.GRAMM.
1606 1595 1611 1601 “

396 1651 471 1689 ead.
485 1650 508 1689 l.
526 1664 589 1704 34.
605 1645 800 1700 Οῧέεμιῖις
822 1646 1058 1702 συγγενείας
1077 1644 1209 1699 οὔσης)
1232 1642 1508 1696 Thucydides:
1530 1637 1626 1680 ὕοι-ο·

342 1703 441 1754 λάβῃ
455 1702 503 1743 δὲ
511 1702 651 1755 μηθεὶς
662 1697 710 1742 ὦς
724 1698 829 1743 obstr
842 1699 1022 1755 προσῆκον
1041 1696 1143 1751 ὑμῶν
1163 1696 1364 1749 κηέὂμεθα.
1379 1695 1623 1738 scholiastes:

343 1753 452 1798 obstr
464 1756 657 1810 προσῆκον.
672 1755 800 1810 ἰίγουν,
811 1754 991 1807 obsepti:
1004 1752 1236 1808 συγγενείας
1248 1751 1527 1793 οὔσηςΝετυηι
1542 1748 1626 1790 nul-
1668 1783 1671 1789 .

342 1811 382 1852 la
400 1811 460 1852 hic
475 1811 661 1866 cognatio
681 1811 885 1857 indicatur,
900 1808 962 1849 sed
978 1806 1212 1849 neceffitudo
1233 1805 1339 1854 talis,
1382 1817 1456 1846 uae
1470 1805 1509 1844 in
1529 1816 1627 1844 con*-

340 1865 530 1907 servanda
546 1863 744 1918 utriusque
758 1863 998 1918 reipublicae
1010 1862 1130 1903 salute
1144 1861 1345 1901 communi
1388 1859 1482 1900 udio
1494 1855 1627 1898 versa·

342 1921 379 1961 ri
401 1919 539 1967 debet,
559 1921 737 1973 hancque
759 1917 996 1972 συμμαχίαν
1013 1916 1111 1957 adeo
1133 1927 1215 1955 non
1237 1915 1402 1962 minora,
1417 1923 1535 1967 quam
1556 1923 1627 1952 co·-

344 1975 586 2028 gnationem,
599 1974 681 2013 iura
701 1971 926 2027 exposcere,
942 1981 1080 2012 orator
1092 1969 1236 2018 innuit,
1250 1981 1297 2009 ea
1307 1978 1468 2022 propter
1482 1966 1540 2006 his
1550 1965 1627 2005 iam
1670 1994 1675 2002 ,Α

343 2027 538 2076 insistens,
558 2028 650 2082 quia
677 2024 952 2067 Hermocrates
978 2022 1241 2076 Syracusanus
1271 2021 1523 2076 praecedente
1540 2030 1629 2060 ora-
1672 2024 1674 2026 ’

347 2083 459 2122 tione
480 2081 549 2123 τὴν
570 2080 804 2143 συγγένειαν
825 2079 986 2121 suorum
1008 2078 1050 2119 &
1071 2077 1421 2119 Camarinaeorum
1443 2073 1629 2128 crepabat

345 2136 573 2184 identidem,
592 2136 639 2176 ad
657 2136 840 2176 mvidiam
857 2130 1164 2174 Atheniensium.
1179 2129 1302 2184 Igitur
1317 2127 1513 2170 concludit
1524 2138 1629 2181 quo*-

346 2203 424 2244 que
439 2190 644 2244 periodum
660 2189 796 2243 (quam
810 2188 971 2240 allegata
987 2187 1214 2239 inceperunt
1228 2183 1365 2238 verba)
1379 2182 1417 2222 h.
1437 2195 1489 2222 m.
1509 2180 1577 2221 καὶ
1592 2179 1630 2222 iv

348 2243 474 2294 τούτῳ
489 2242 702 2296 προσήκετε
716 2240 788 2284 Mn
802 2240 890 2293 ἦμῖν
903 2243 958 2280 τὰ
968 2241 1158 2294 μέγιστα.
1171 2236 1302 2277 IDEM.

404 2299 500 2351 Pag.
517 2311 560 2351 55
572 2310 603 2337 ι.
617 2298 642 2336 l.
657 2309 719 2337 20.
737 2296 915 2349 Βία-φέρειν
930 2294 981 2335 εἰς
998 2296 1063 2334 τὶν
1082 2293 1175 2346 πρὶς
1190 2289 1500 2333 Πελοποννησίους
1510 2287 1631 2331 πόλει-ν’

345 2352 434 2406 μον)
453 2350 633 2403 Είσφέρειν
645 2353 734 2404 πρὶς
746 2349 928 2400 πόλεμον.

409 2407 503 2460 Pag.
519 2418 604 2459 552.
616 2405 640 2444 I.
655 2418 717 2455 27.
732 2404 825 2443 ’Am-”o
843 2400 960 2443 κοινοῦ
971 2403 1015 2440 τὶ
1031 2400 1163 2452 φαμὲν
1202 2398 1246 2440 In
1261 2397 1333 2440 Ms.
1353 2406 1562 2439 annotatur
1580 2393 1632 2438 ad

350 2456 1133 2567 {35333210243232‘322253233341?ss
1185 2453 1332 2508 ΜΨ·
1354 2452 1398 2495 ⁶⁶
1415 2451 1532 2508 ‘'³¹¹¹‘’
1546 2446 1633 2506 ¹³⁰st

1678 2324 1690 2381 3,

1677 2381 1690 2422 ἲ

1678 2420 1690 2481 5

1678 2493 1690 2517 τ
