1690 3120
313 170 1412 249 *208'ANN0TAT10NES

326 287 453 339 μκίοις
474 286 659 327 collocari
674 289 828 341 poterit.
850 288 1004 328 STEPH.
1026 288 1137 331 Haec
1153 302 1201 343 ap
1229 290 1342 330 endix
1354 288 1470 330 huius
1483 298 1607 332 anno-⁴

326 341 484 381 tationis
498 342 535 380 in
549 340 651 381 Caff.
667 355 785 392 manu
805 343 949 382 recenti
962 353 1177 384 atramento
1205 344 1330 398 cripta
1348 354 1452 385 erat:
1475 355 1607 386 cetera

330 394 481 436 vetusta
493 425 508 442 ,
527 394 570 434 &
587 396 720 436 minio.

377 451 458 488 ead.
474 450 498 489 l.
514 449 553 488 6.
569 450 688 490 Πλέον
700 454 719 502 )
737 447 906 499 Μᾶλλον,
922 449 964 490 δι
975 450 1095 505 paulo
1107 450 1193 505 post
1203 450 1345 502 λαβεῖν,
1357 449 1451 504 um?
1465 449 1608 495 soUvan.
1668 488 1672 490 μ

332 501 435 544 Cass.

388 559 461 596 ead.
485 557 509 595 l.
524 571 562 607 7.
577 554 630 607 Τῇ·
641 555 712 596 τῶν
724 556 890 611 Σκυθῶν)
904 556 948 598 In
963 557 1065 598 Caff.
1082 559 1128 599 ad
1141 557 1244 600 hunc
1255 559 1388 600 locum
1401 557 1608 613 Thucydi-

331 610 388 651 dis
401 610 631 665 adscriptum
645 610 717 651 est:
735 612 818 664 περὶ
832 612 977 652 Σκυθῶν
990 611 1103 653 τοῦτο
1118 613 1182 653 καὶ
1195 613 1384 664 Ἣρόἓοτος
1398 614 1526 667 λέγει.

385 669 460 705 ead.
475 667 500 706 l.
509 679 546 718 9.
559 666 662 704 Ἀλλ’
673 661 955 719 ὑπερβάλλουσι
967 665 1155 720 δηλονότι)
1168 667 1231 707 De
1241 666 1458 708 Thracibus
1475 668 1528 707 ita
1539 681 1610 708 au·

330 718 439 759 &orz
457 715 495 759 οὗ
505 720 576 770 μὲν
594 716 674 759 ods'
692 719 730 760 ἐς
747 721 813 761 τὴν
830 721 954 761 ἀλλην
972 716 1169 763 εὐβουλίαν
1185 721 1251 761 καὶ
1271 721 1416 774 ξύνεσιν
1433 722 1516 774 περὶ
1533 722 1608 763 τῦν

331 773 524 826 ’παρέντων
543 774 581 813 ἐς
598 776 663 814 τὶν
685 774 759 819 βίον
782 774 916 815 ἄλλοις
941 773 1164 826 ὃμοιοῦντοιι.
1183 775 1345 829 Quibus
1365 775 1522 828 glossam
1542 776 1609 816 ad-

330 827 460 868 scribit
480 827 726 869 Scholiastes=
742 828 831 868 ἐιλλ’
846 826 1126 882 ὑπερβάλλουσι
1139 829 1323 870 ὃηλονότι.
1345 829 1466 870 Dicas
1483 829 1608 870 Thra-

330 895 415 922 cem
431 881 539 923 fuiffe
562 882 720 922 natione
739 882 842 924 hunc
856 882 1164 924 Grammaticum
1175 913 1186 931 ‚
1209 884 1276 937 qui
1289 883 1470 924 andacler
1482 884 1580 925 adeo
1591 915 1607 932 ,

332 946 377 977 ut
400 938 550 977 civibus
575 936 650 976 suis
672 936 836 990 gloriam
864 937 1101 987 vindicaret,
1123 938 1163 977 in
1190 939 1427 978 contrarium
1458 937 1607 979 sensum

332 1001 489 1032 vertere
504 1001 672 1031 conatus
682 987 851 1031 aucioris
865 992 998 1031 verba.
1014 992 1069 1031 Ea
1082 992 1184 1032 enim
1197 1002 1303 1032 certe
1317 1005 1366 1032 ne
1380 1004 1609 1045 comparan-

331 1045 404 1085 dos
417 1046 595 1098 quidem,
611 1045 649 1084 h.
672 1057 706 1084 e.
730 1044 931 1086 inferiores
951 1044 1027 1086 effe
1047 1046 1184 1086 ceteris
1206 1046 1426 1086 nationibus
1442 1045 1609 1087 sollertia

331 1109 450 1152 atque
474 1099 677 1153 prudentia
689 1099 862 1139 Thracas
886 1100 1063 1141 innuunt.
1077 1100 1193 1140 Unde
1208 1099 1250 1140 &
1262 1129 1274 1147 ,
1295 1101 1363 1154 qui
1381 1100 1536 1141 liberius
1548 1100 1626 1147 so->

332 1153 386 1195 let
399 1154 602 1194 transferre
612 1184 625 1202 ‚
646 1153 764 1193 Virus
777 1152 1016 1194 Winsemius
1030 1153 1067 1193 h.
1081 1154 1108 1194 1.
1122 1155 1258 1206 consilio
1272 1154 1501 1207 &prudentia
1512 1154 1550 1194 in
1561 1171 1609 1195 re·

332 1209 398 1247 bus
408 1210 459 1247 ad
469 1209 575 1248 vitam
587 1207 776 1259 necqffiariis
788 1210 832 1247 ab
847 1209 927 1247 aliis
941 1208 1038 1261 longe
1049 1208 1244 1250 vincuntur.
1259 1208 1487 1249 Ablancurt.
1506 1209 1608 1249 Pour

332 1262 465 1314 l'esprit
478 1263 515 1302 ὃν
536 1263 573 1302 Ia
596 1262 752 1302 condut'te
777 1262 822 1301 ils
839 1262 923 1314 fimt
937 1262 1017 1314 fort
1036 1277 1084 1302 au
1105 1262 1239 1316 deffbus
1260 1265 1318 1303 des
1338 1275 1464 1303 autres.
1487 1261 1606 1304 Forte

332 1317 447 1357 etiam
462 1329 543 1356 non
555 1315 755 1362 ἀλλὰζίὲά
769 1321 881 1357 ἀλλοι
893 1315 1075 1370 scripserit
1086 1315 1349 1357 annotationis
1362 1316 1516 1363 auctor,
1529 1316 1608 1358 hoc

333 1371 478 1411 modo:
503 1370 618 1411 ἄλλοι
637 1366 914 1424 ὑπερβάλλουσι
939 1370 1111 1412 ὃηλονότι
1128 1369 1294 1425 (nempe
1315 1370 1402 1412 τοὺς
1414 1368 1609 1426 Θρᾷκας.)

333 1424 527 1466 GRAMM.
1674 1452 1682 1470 ,-

388 1482 462 1519 ead.
479 1480 503 1517 l.
524 1493 537 1517 1
549 1493 582 1518 1.
598 1477 735 1519 Σίντων
751 1478 837 1532 καὶ)
850 1477 912 1519 Ad
924 1478 1036 1532 ἄροιο,
1052 1478 1158 1532 quod
1173 1477 1291 1531 paulo
1303 1489 1392 1519 ante
1405 1477 1502 1520 haec
1511 1491 1611 1520 ver-
1670 1488 1690 1515 ‘e

333 1532 386 1573 ba
405 1533 442 1572 in
462 1533 698 1586 Thucydide
718 1532 869 1587 legitur,
888 1533 927 1573 in
948 1532 1051 1574 Cass'.
1062 1533 1272 1587 explendae
1286 1531 1462 1588 ellipseos
1483 1534 1609 1587 gratia
1674 1579 1679 1587 „

333 1597 550 1628 annotatur
561 1591 605 1627 το
619 1588 859 1640 στράτευμα.
1677 1592 1686 1614 '-

390 1644 464 1681 ead.
478 1642 501 1682 l.
519 1656 580 1682 21.
601 1643 714 1681 Κοιτὲι
735 1640 929 1694 ἓιὲξοὸον)
952 1639 1014 1681 Sic
1034 1639 1077 1681 δι
1097 1638 1187 1680 alibi
1211 1639 1311 1680 aliud
1334 1639 1383 1680 ab
1401 1640 1610 1682 Herodoto

333 1693 470 1736 referri
481 1697 531 1736 ait
544 1697 650 1735 κατὰ
669 1695 857 1748 ἓιέξοὸον.
877 1694 942 1735 De
955 1708 1036 1749 quo
1046 1695 1087 1734 lo
1117 1693 1230 1734 uendi
1245 1706 1384 1748 genere
1402 1694 1450 1734 ali
1479 1695 1541 1734 uid
1564 1695 1607 1736 in

333 1749 620 1804 Proparasceue
633 1749 720 1790 dixi.
736 1750 887 1793 snam.
902 1748 990 1802 Pag.
1007 1749 1068 1789 26.
1126 1762 1148 1789 e
1163 1747 1234 1788 hac
1246 1749 1289 1788 re
1309 1748 1346 1787 in
1365 1747 1427 1788 lib.
1450 1708 1476 1788 il

333 1805 465 1845 rodoti
479 1817 560 1845 non
577 1804 746 1844 multum
768 1804 931 1844 relatum
947 1802 1026 1850 est,
1044 1801 1111 1842 nifi
1126 1801 1233 1856 quod
1251 1801 1472 1842 Alexander
1496 1801 1550 1842 ibi
1569 1815 1605 1843 c.

1470 1749 1507 1789 X
1524 1749 1609 1790 He·
1675 1758 1685 1774 ·‘

334 1873 390 1908 44
404 1859 516 1906 dicit,
537 1857 574 1898 se
589 1857 743 1899 vetusta
761 1858 914 1912 origine
927 1856 1122 1898 Graecum
1143 1855 1230 1897 effe,
1251 1855 1380 1909 Quod
1396 1866 1526 1897 autem
1546 1856 1610 1898 hic
1670 1854 1686 1892 τ’

333 1912 462 1954 scribit
472 1912 750 1964 Thucydides,
769 1912 1022 1961 Temenidas,
1040 1909 1252 1951 Alexandri
1266 1910 1456 1956 maiores,
1475 1910 1611 1952 Mace-

333 1966 452 2007 donia
469 1967 619 2022 potitos
636 1965 743 2007 fuiffe
754 1998 766 2015 ,
789 1967 826 2006 id
842 1965 971 2008 multis
982 1964 1200 2019 exsequitur
1213 1964 1359 2004 Herod.
1372 1963 1470 2004 v111
1480 1993 1492 2013 ‚
1517 1977 1609 2018 137.
1670 1987 1675 1997 ·

391 2024 467 2061 ead.
488 2022 511 2061 l.
529 2035 593 2083 .²'3·
616 2017 951 2074 “Ηρόδ“οτος)’Νοη
972 2018 1178 2073 Ἡρόδοτον,
1199 2015 1263 2058 sed
1285 2017 1478 2071 Ἠρόἓοροη
1500 2017 1609 2060 hunc
1662 2030 1672 2055 ε

334 2086 632 2128 grammaticum
645 2074 787 2116 aiicubi
801 2075 1046 2115 nominatum
1057 2072 1202 2114 inveni.
1211 2071 1363 2113 Sum.
1374 2071 1611 2113 Grammati·
1660 2075 1675 2114 ῖ

336 2142 429 2169 cum
442 2130 506 2169 hic
518 2128 701 2182 designari
715 2128 801 2168 satis
812 2139 982 2182 apparet.
995 2127 1069 2167 Sed
1081 2127 1113 2167 is
1125 2124 1320 2178 Ἦρόἒωρος
1329 2124 1407 2173 est,
1424 2137 1505 2166 non
1515 2124 1609 2179 ‘Hp6-
1664 2126 1667 2132 '

337 2182 453 2235 ὃορος.
467 2182 568 2222 Caff.
579 2181 808 2235 Ἢρωὸιανὸς·
822 2182 930 2236 quod
944 2194 1082 2222 verum
1096 2190 1204 2234 puto.
1215 2178 1319 2220 Idem
1334 2191 1478 2220 nomen
1490 2180 1608 2220 etiam
1664 2193 1670 2236 ᾗ

337 2249 425 2330 lsiag.
450 2247 778 2331 3K47sc1c3>rtiuptum
799 2247 891 2277 erat.
912 2236 984 2276 Καὶ
997 2234 1172 2275 ‘asma
1190 2228 1308 2274 οὕτως
1330 2232 1520 2287 Ἡρόδοτος
1538 2233 1610 2277 ab-,
1661 2277 1667 2282 ,Ἴ

354 2301 424 2330 unt
437 2303 461 2329 a
539 2321 548 2329 .
597 2303 618 2330 a
637 2320 646 2330 .

393 2347 468 2384 ead.
481 2345 505 2385 l.
519 2357 580 2396 25.
595 2343 639 2385 Οἱ
652 2342 758 2382 κάτω
770 2340 1004 2395 Μακεέὅνες)
1017 2341 1101 2396 Qui
1112 2341 1185 2382 fint
1197 2340 1434 2382 Macedones
1444 2338 1476 2380 οἱ
1486 2339 1609 2391 κάτω,

331 2397 382 2439 ἃ
390 2399 460 2452 qui
474 2397 505 2438 οἱ
518 2401 604 2442 avo»,
617 2409 666 2438 ex
680 2398 741 2444 iis,
751 2410 851 2458 quae
863 2398 888 2438 l.
905 2398 952 2437 16
964 2396 1018 2450 sq.
1029 2398 1127 2438 (Ιίἃει
1140 2394 1241 2444 sunt3
1252 2394 1444 2437 discimus.
1452 2393 1610 2436 STEPH.
1654 2439 1656 2442 ,

394 2452 507 2493 ead.l.
522 2465 584 2505 30.
600 2452 698 2493 Ἀντ)
722 2466 787 2492 του
810 2450 1105 2504 περικλεῖοντες)
1123 2448 1209 2490 Cur
1232 2447 1422 2503 paffivum
1442 2448 1608 2489 verbum

336 2506 622 2561 περικλειόμενοι
634 2505 765 2550 activo
776 2506 1045 2561 περικλεῖοντες
1057 2505 1106 2547 ab
1116 2517 1167 2547 eo
1179 2503 1324 2560 exponi
1330 2501 1521 2547 dicemus?
1537 2501 1609 2550 Poq
