1690 3120
313 248 378 295 74
507 232 1394 281 ANNOTATIONES

311 334 355 362 re
370 321 461 362 mihi
482 323 633 370 videor,
648 324 852 377 quomodo
865 325 1115 379 requirendus
1134 340 1212 367 non
1237 326 1282 366 fit
1299 326 1587 369 nominativus:

311 375 341 415 fi
358 376 539 417 videlicet
555 378 749 425 dicamus,
766 389 854 418 ante
869 379 1075 433 ἀρκούντως
1096 378 1173 432 ἕξει
1191 380 1495 422 subaudiendum
1514 381 1590 422 ess'e

310 430 489 471 dativum
503 432 659 471 ἐκείνοις·
674 432 751 472 hoc
764 433 880 485 ρᾶἃο
890 463 901 478 ,
918 432 993 472 ὅσοι
1009 432 1054 473 ἓὲ
1073 432 1324 480 βουλήσονται
1340 434 1472 475 ‘tam
1483 449 1591 489 yero—
1666 471 1669 478 .,

310 484 429 535 μένων
444 488 487 524 το
502 486 618 535 σαφὲς
633 487 805 533 σκοπεῖν,
822 486 890 539 (&
907 499 1009 540 quae
1020 487 1260 542 sequuntur)
1276 489 1423 529 ἐκείνοις
1440 487 1591 542 &panim
1652 511 1655 515 ’

313 553 390 578 τως
412 537 511 591 ἕξει,
529 538 710 591 ὠφέλιμοι
726 539 852 591 κρίνειν
868 536 986 580 αὐτοὶ.
1002 541 1086 582 Cur
1106 555 1205 583 vero
1229 543 1270 583 δι
1291 543 1503 583 enarratori
1514 542 1591 595 (in-

312 593 442 647 quies)
457 606 536 633 non
551 594 679 633 licebit
690 594 738 633 ad
747 594 850 634 hunc
862 594 1036 634 dativum
1047 595 1282 650 confugere?
1299 596 1506 649 Quoniam
1521 596 1591 636 fibi

313 646 362 686 ad
377 646 474 687 hanc
485 648 606 687 dativi
622 647 927 688 subauditionem
942 649 1155 702 praecludit
1165 651 1270 690 viam
1280 681 1293 697 ‚
1308 650 1400 690 dum
1414 648 1590 701 ὠφέλιμοι

312 700 440 754 iungit
455 701 646 750 cumillis,
664 702 744 742 ‘do-01
762 698 1022 749 βουλήσονται,
1040 702 1116 757 ipse
1131 705 1306 745 videlicet
1317 703 1515 744 ὑπακούων
1527 704 1592 743 da-

314 755 446 795 tivum
461 757 582 797 orae-w
597 766 686 796 ante
698 756 791 796 ὅσοι.
803 755 990 797 Ceterum
1003 756 1142 805 fateor,
1154 771 1231 806 me,
1243 771 1334 799 eum
1347 758 1402 798 ita
1412 758 1591 798 dativum

314 808 424 849 illum
441 810 583 851 ἐκείνοις
598 809 830 851 extrinsecus
844 809 1013 858 affumo,
1026 811 1266 865 aliquantum
1280 812 1330 851 ab
1343 824 1388 852 ea
1403 811 1593 865 interpre-

314 864 464 904 tatione
488 864 677 905 discedere
691 896 704 914 ‚
735 877 853 918 quam
878 866 1039 918 margini
1067 866 1248 906 editionis
1276 878 1384 907 meae
1414 864 1593 920 apposui.

314 917 435 958 Nunc
454 918 559 958 enim
585 914 715 959 locum
738 918 841 958 hunc
865 917 1009 972 (paulo
1031 930 1163 960 autem
1186 920 1298 960 altius
1317 919 1515 974 repetam)
1540 920 1593 961 ita

314 973 550 1012 vertendum
570 972 644 1013 effi:
663 974 752 1013 dico
762 1003 776 1020 ,
799 973 853 1012 Ac
866 985 1032 1026 quatenus
1053 974 1183 1027 quidem
1197 989 1239 1014 ea
1260 974 1350 1014 nihil
1359 972 1517 1025 fabulosi
1526 977 1592 1014 ad-

316 1026 462 1066 mixtum
476 1027 618 1075 habent,
640 1029 751 1068 minus
763 1026 910 1080 fhrtnffiz
924 1029 1044 1067 auditu
1050 1027 1183 1081 suavia
1200 1042 1319 1068 erunt:
1325 1028 1393 1081 fed
1407 1028 1593 1082 quicunque

316 1081 432 1121 volent
446 1082 620 1121 veritatem
631 1097 756 1127 eorum,
777 1096 863 1135 quae
873 1082 1053 1128 evenerint,
1071 1084 1283 1135 considerare,
1305 1097 1366 1122 nec
1379 1098 1449 1122 non
1463 1097 1594 1130 eorum,
1663 1078 1670 1097 ³

317 1150 404 1188 quae
419 1134 477 1189 (ut
486 1135 574 1187 fitnt
589 1151 639 1175 res
651 1134 840 1189 humanae)
858 1137 917 1175 vel
931 1136 1016 1175 talia
1031 1137 1181 1186 omnino,
1199 1138 1255 1176 vel
1257 1136 1388 1188 similia
1393 1135 1480 1186 sunt
1492 1151 1592 1175 even·-
1659 1185 1663 1191 ,

317 1201 418 1238 tura,
436 1189 509 1229 illis
516 1188 609 1242 satis
620 1191 681 1231 en't
687 1221 700 1238 ‚
718 1206 758 1229 ea
768 1189 831 1243 ff
842 1190 943 1229 utilia
956 1191 1116 1230 iuAEcare.
1132 1191 1274 1231 Fateor
1286 1201 1432 1237 tamen,
1445 1188 1595 1230 durius·
1664 1206 1669 1215 ¹

317 1243 452 1283 culum
476 1243 583 1296 pofl'e
604 1245 681 1285 hoc
700 1244 842 1292 videri,
868 1245 1040 1284 veritatem
1062 1260 1196 1292 eorum,
1213 1244 1401 1298 quaesunt
1421 1254 1595 1287 eventuras
1655 1235 1670 1266 Ψ

316 1298 523 1350 quomodo
537 1299 640 1339 enim
653 1299 857 1339 veritatem
870 1310 1028 1345 eorum,
1047 1311 1148 1351 quae
1167 1299 1339 1339 nondum
1353 1308 1568 1339 evenerunt
1577 1326 1594 1348 ‚
1655 1309 1658 1318 ’

318 1350 456 1406 aliquis
469 1352 595 1405 potest
606 1351 867 1393 confiderare?
886 1352 960 1392 Sed
971 1383 983 1401 ‚
1000 1353 1178 1405 quamvis
1192 1353 1420 1393 continuare
1437 1353 1595 1393 oratio-
1658 1374 1674 1402 g

319 1417 411 1445 nem
426 1405 498 1446 sub
518 1406 655 1447 eodem
670 1405 761 1447 casu
779 1406 958 1446 maluerit
970 1406 1246 1459 Thucydides,
1263 1406 1442 1447 videlicet
1454 1407 1595 1460 geniti-

321 1472 400 1508 vo,
422 1473 591 1514 eumque
609 1461 816 1501 comitetur
830 1460 997 1500 nominis
1009 1461 1127 1509 σαφὲς
1146 1461 1346 1514 repetitio,
1363 1470 1494 1501 tamen
1510 1473 1594 1501 non

319 1513 432 1554 aliam
453 1514 698 1567 Thucydidis
720 1525 888 1555 mentem
909 1514 984 1554 effe
1003 1515 1189 1555 debemus
1208 1515 1402 1570 arbitrari,
1420 1526 1537 1568 quam
1561 1513 1594 1554 fi

319 1579 473 1609 mutato
495 1569 583 1610 casu
604 1568 768 1618 dixiffet,
798 1568 863 1608 καὶ
888 1570 943 1608 τὰ
964 1570 1158 1619 μέλλοντα
1185 1568 1280 1609 ποτὲ
1299 1567 1406 1609 αὖθις
1425 1567 1594 1608 τοιαῦτα
1658 1602 1659 1607 ,

319 1623 388 1662 καὶ
401 1620 662 1677 παραπλήσιαι
676 1623 845 1663 ἔσεσθαι.
861 1622 1044 1677 Denique
1055 1623 1138 1663 eius
1156 1635 1286 1671 mens,
1305 1633 1349 1663 ut
1359 1622 1516 1676 opinor,
1533 1623 1550 1676 (
1561 1622 1592 1662 fi

321 1676 542 1718 liberiorem
559 1678 600 1718 &
613 1677 921 1732 periphrasticam
937 1678 1289 1731 interpretationem
1300 1677 1390 1717 licet
1400 1676 1594 1730 adiicere)
1659 1723 1661 1725 ‚

320 1730 377 1771 est
390 1731 485 1772 haec
497 1762 509 1779 ‚
528 1733 589 1772 Ac
599 1746 640 1771 ea
650 1733 803 1786 quidem,
819 1747 905 1785 quae
921 1748 944 1770 a
956 1732 1052 1771 mein
1066 1732 1128 1784 ista
1140 1732 1275 1786 historia
1282 1731 1493 1783 scribuntur,
1505 1745 1594 1784 qua·
1654 1731 1656 1734 ’

320 1798 421 1826 tenus
434 1786 526 1826 nihil
527 1785 684 1839 fabulosi
692 1787 762 1826 illis
771 1786 949 1838 admiscui,
967 1786 1080 1826 minus
1093 1785 1240 1839 fbrtaffi
1254 1800 1358 1825 aures
1368 1785 1572 1825 delectabunt
1579 1799 1603 1824 ε·
1657 1827 1659 1829 ,

315 1838 383 1892 fid
394 1842 580 1894 quicunque
592 1841 707 1881 volent
719 1856 806 1896 quae
815 1852 995 1879 evenerunt
1005 1841 1208 1892 considerare
1218 1869 1231 1886 ‚
1252 1839 1295 1892 (a
1311 1855 1360 1879 me
1371 1839 1477 1878 nullis
1483 1837 1594 1890 fhhu-
1650 1864 1665 1881 -,

322 1894 367 1933 lis
373 1896 545 1947 permixta
554 1896 616 1934 illa
629 1895 773 1948 quidem,
785 1894 908 1947 sedita
921 1907 1079 1941 narrata,
1095 1906 1134 1933 ut
1144 1893 1190 1946 [ὲ
1203 1894 1320 1934 habere
1330 1905 1416 1934 certo
1427 1891 1591 1947 comperi)

321 1949 359 1988 δ’
370 1950 488 1988 inillis
496 1952 692 2003 perpendere
701 1981 713 1999 ‚
732 1965 832 2002 quam
845 1949 962 1987 multis
975 1950 1107 2001 casibus
1120 1949 1194 1988 vita
1212 1949 1362 1987 humana
1368 1950 1417 2000 fit
1430 1945 1590 1995 obnoxia,

320 2004 459 2056 ideoque
471 2005 528 2043 vel
545 2004 633 2043 talia
656 2004 791 2043 omnino
810 2004 868 2042 vel
870 2003 998 2054 similia
1019 2017 1083 2042 nos
1104 2017 1254 2042 manere:
1273 2002 1344 2040 illis
1361 2002 1490 2055 quidem
1509 2012 1592 2040 certe

313 2056 408 2110 fhtis
414 2058 550 2110 placere
565 2058 685 2098 horum
697 2058 790 2096 lenio
809 2057 953 2108 poterit,
971 2057 1031 2096 vel
1047 2071 1084 2095 eo
1099 2056 1250 2102 nomine,
1267 2057 1359 2109 quod
1375 2057 1426 2094 ad
1433 2058 1592 2108 paranda

321 2111 507 2163 vitaesuae
521 2115 717 2152 documenta
722 2110 873 2165 prodeffi
885 2111 1092 2150 iudicabunt.
1106 2108 1316 2150 Confidera
1325 2139 1339 2156 ,
1357 2122 1475 2162 quam
1491 2109 1592 2148 mui-

320 2175 364 2205 ta
377 2163 445 2206 sub
460 2166 593 2219 paucis
607 2165 850 2217 Thucydidis
870 2164 1001 2204 verbis
1019 2161 1181 2212 lateant,
1200 2163 1242 2203 δι
1255 2175 1357 2216 quae
1376 2165 1416 2202 in
1430 2161 1594 2202 struem-

320 2231 367 2259 ra
386 2221 572 2260 orationis
585 2220 669 2259 eius
685 2217 902 2259 duriuscuia
917 2228 985 2258 aut
1003 2219 1115 2258 etiam
1132 2218 1226 2257 dura
1237 2215 1322 2256 sunt
1334 2246 1344 2263 ‚
1363 2230 1482 2270 quam
1497 2214 1594 2256 faci-

321 2273 360 2313 le
375 2273 514 2314 molliri
527 2285 693 2327 queant,
711 2272 739 2312 fi
754 2273 914 2326 paulum
938 2284 962 2311 a
982 2272 1094 2312 nobis
1115 2272 1197 2311 eius
1217 2272 1347 2311 oratio
1367 2271 1590 2310 adiuvetur.
1657 2294 1680 2327 ,3

323 2327 429 2367 Vide
443 2328 558 2367 etiam
571 2357 583 2374 ‚
602 2341 721 2380 quam
734 2326 874 2380 procul
895 2326 944 2366 ab
968 2326 1052 2366 eius
1074 2324 1182 2365 sensu
1204 2324 1386 2365 letiorem
1401 2325 1594 2364 abducant
1655 2376 1658 2379 ἡ

322 2381 386 2422 hic
405 2381 480 2435 (ut
495 2382 538 2422 δι
556 2380 687 2436 paffim
707 2380 987 2435 propemodum
1043 2379 1223 2432 vuigares
1241 2379 1590 2433 interpretationes.
1672 2378 1681 2383 ”

322 2435 383 2475 Ita
394 2436 497 2475 enim
509 2435 645 2475 Valla:
666 2435 790 2475 Verum
803 2435 883 2488 quia
895 2450 963 2474 non
1001 2433 1163 2486 abulofize
1170 2433 1256 2485 fiant
1271 2448 1323 2472 res
1335 2461 1346 2478 ‚
1365 2433 1476 2471 minus
1496 2443 1595 2471 erunt

317 2488 474 2542 fhrtaffis
485 2491 606 2529 auditu
611 2489 761 2542 suaves:
779 2500 888 2528 tamen
905 2488 1089 2542 quicunque
1099 2487 1189 2527 volet
1199 2487 1594 2580 rerumgestarumfince-

324 2544 461 2585 ritatem
476 2544 620 2593 intueri,
640 2543 676 2584 6·
694 2558 770 2585 cum
786 2543 972 2598 aliquando
994 2542 1080 2583 talia
1100 2542 1218 2582 iterum
1226 2541 1307 2594 fimi

1335 2556 1421 2595 aque
1438 2539 1593 2594 (utfitnt
