1690 3120
298 243 360 288 72
497 224 1385 275 ANNOTATIONES

298 324 359 361 ta,
377 312 416 352 &
433 311 560 365 inepta
574 312 739 366 quadam
755 311 957 353 subtilitate
973 312 1035 366 (ut
1057 313 1179 353 modo
1197 312 1407 367 loquebar)
1423 311 1581 366 excogi-

297 377 390 406 tata.
405 365 485 406 fere
506 376 636 406 autem
657 366 725 407 usu
750 368 874 415 venit,
893 379 937 407 ut
958 368 1004 407 de
1026 368 1147 421 priori
1165 368 1318 419 quidem
1334 368 1450 415 illud,
1473 378 1512 408 at
1531 367 1580 408 de

299 419 502 473 posteriori
518 421 593 461 hoc
607 421 677 461 dici
694 419 818 474 poffit.
838 420 902 460 Ad
921 421 1023 461 hunc
1037 421 1194 474 quidem
1208 432 1312 461 certe
1325 422 1434 475 quod
1445 422 1580 462 attinet

299 475 431 516 locum
441 504 457 522 ,
473 475 664 515 neminem
681 475 771 515 mihi
783 475 830 515 de
843 474 915 515 illo
923 473 1204 528 refragaturum
1221 487 1335 529 puto,
1349 476 1446 530 quin
1458 487 1579 529 quam

299 528 404 569 recle
417 528 567 569 dixerat
588 526 713 569 αὐτῶν
733 529 984 583 intelligendum
1006 531 1050 569 de
1069 529 1164 568 hellis
1184 529 1357 583 antiquis,
1371 541 1452 570 tam
1478 529 1579 569 male

300 582 435 637 postea
451 581 562 623 addat
582 583 676 677 post}
691 583 791 624 etiam
810 582 952 636 intelfigi
966 585 1005 622 de
1026 583 1292 635 Athenienfibus
1313 583 1348 623 δ’
1371 584 1581 637 Peloponne-

290 638 378 690 fiis:
396 637 551 691 perinde
563 650 608 677 ac
636 653 650 677 ι
663 637 806 678 diceret
815 667 827 685 ‚
849 638 1006 677 maiorem
1019 652 1130 678 eorum
1139 637 1290 690 potentia
1295 635 1412 689 ficffl
1424 638 1579 679 STEPH.

357 692 448 745 Pag.
462 692 586 745 317.l.
601 705 635 731 ι.
649 690 914 744 Ἐπιτηέείως)
931 690 1056 740 Dicit,
1068 690 1176 730 illum
1192 701 1281 744 apte
1292 692 1580 746 ignorationem

300 744 407 785 suam
427 755 680 807 praetexere,
695 757 739 785 ut
764 745 931 807 propriis
953 745 1310 796 enthymematibus
1332 756 1474 787 utatur.
1490 746 1580 787 Hoc

301 809 433 840 autem
450 812 610 839 nomme
621 810 750 840 totum
763 812 1002 841 concionum
1018 798 1225 840 artificium
1239 800 1457 840 oratorium
1472 813 1582 841 com·
1635 811 1647 816 ³

301 853 492 908 plectitur.
507 853 662 894 STEPH.

357 912 435 948 ead.
450 910 474 948 l.
493 922 528 962 3.
544 906 698 948 Ἐπειέὶι
715 905 880 961 Quane.)
899 906 1035 947 Verba
1053 906 1172 955 haec,
1189 906 1325 948 {wsb
1339 902 1582 956 φιλαθήναιος

303 960 430 1012 ἓοκεῖ,
449 963 559 1001 τοῦτο
574 964 683 1027 λέγει
693 993 707 1010 ,
723 961 948 1002 crediderim
962 971 1146 1002 annotata
1157 960 1266 1002 fuiffe
1279 962 1320 1002 in
1332 960 1401 1002 issa
1413 961 1583 1014 Thucy·

303 1017 414 1057 didea
425 1047 438 1064 ‚
456 1011 535 1056 οὗθ’
550 1012 598 1055 ὣς
614 1016 694 1068 εμοὶ
708 1014 847 1056 &bicen
861 1015 1016 1056 STEPH.
1466 1049 1475 1056 .

360 1074 435 1110 ead.
449 1071 472 1110 l.
489 1069 526 1110 8.
539 1070 728 1124 Ἐρευνῶν)
744 1068 970 1122 Ἐπεξελθὼν
983 1081 1064 1110 non
1085 1067 1262 1123 ἐρεὺνκσιν
1279 1067 1399 1110 solam
1418 1069 1581 1119 indicat,

303 1123 368 1165 sed
386 1125 644 1165 narrationem
665 1137 796 1165 rerum
817 1124 1035 1179 diligentem
1055 1134 1172 1179 atque
1186 1123 1336 1178 singula
1352 1123 1586 1179 persequen-

305 1189 397 1219 tem.
411 1179 605 1220 GRAMM.

359 1234 440 1273 ibid.
456 1230 582 1274 Αὐτῶν
596 1231 670 1274 τῶν
689 1230 823 1287 λεχθ.)
836 1230 922 1272 Cur
933 1226 1056 1272 αὐτῶν
1070 1230 1227 1285 intelligi
1240 1231 1325 1284 περὶ
1339 1231 1412 1271 τῶν
1423 1230 1585 1284 λεχθέν-

305 1301 395 1334 των,
405 1300 488 1327 non
501 1298 630 1328 autem
644 1287 727 1341 περ)
741 1286 812 1326 τῶν
825 1285 1082 1340 πραχθέντων,
1093 1285 1291 1326 dicemus?
1311 1285 1376 1326 De
1393 1285 1450 1326 his
1464 1297 1586 1335 certe,

306 1353 388 1381 non
409 1342 456 1381 de
473 1340 853 1394 illis‚Thucydidem
872 1340 982 1395 loqui
1003 1350 1080 1379 tam
1100 1338 1343 1380 manifestum
1361 1338 1438 1389 est,
1461 1353 1587 1394 quam·

306 1406 405 1436 nota
427 1396 586 1436 cuilibet
605 1395 680 1436 effe
701 1393 826 1448 potest
845 1393 1076 1448 significatio
1094 1393 1255 1434 istor-um
1276 1394 1512 1444 verborum,
1526 1396 1585 1434 τὸ

307 1448 348 1489 θ’
359 1448 457 1504 ἔργα
470 1449 542 1490 τῶν
552 1450 804 1504 πραχθέντων
819 1448 855 1489 ἐν
867 1447 922 1499 τῷ
939 1447 1106 1498 πολέμῳ.
1118 1447 1274 1488 8ΤΕΡΗ.
1286 1447 1327 1488 A
1338 1447 1438 1490 Cass'.
1451 1449 1586 1490 omnia

307 1503 446 1544 absunt
462 1513 612 1557 praeter
625 1502 758 1544 ἑπειὲἢ
773 1500 908 1543 &simet
918 1504 973 1542 τὰ
985 1501 1202 1555 ἀνθρώπινοι.

362 1561 438 1598 ead.
456 1559 479 1598 l.
494 1573 530 1612 9.
542 1557 620 1598 Τῶν
634 1557 670 1598 ἐν
691 1557 745 1607 τῷ
759 1556 865 1610 διε.)
882 1554 1022 1596 Deeffe
1038 1566 1136 1610 puto
1154 1568 1245 1610 prae
1273 1555 1479 1597 ositionem
1497 1556 1585 1607 orep)

308 1621 399 1653 ante
409 1612 482 1652 τῶν
495 1613 529 1652 ἐν
544 1612 598 1662 τῷ
611 1613 770 1662 πολέμῳ
783 1610 917 1665 λόγων.
927 1610 1048 1663 Quae
1059 1622 1189 1651 autem
1202 1609 1225 1649 s
1273 1611 1498 1664 iunguntur,
1507 1610 1587 1652 alio

307 1667 522 1721 pertinent,
544 1667 592 1707 ad
606 1665 669 1706 illa
684 1665 884 1713 videlicet,
905 1663 1083 1716 ὠφέλιμοι
1099 1665 1227 1718 κρίνειν
1242 1661 1359 1704 αὐτοὶ.
1379 1664 1452 1705 Sed
1465 1664 1585 1714 haec,

309 1720 446 1762 {orasis
462 1720 598 1762 ιἰἓηλοι
607 1721 661 1759 τὰ
674 1718 897 1773 ἀνθρώπινοι,
909 1729 1007 1773 puto
1020 1715 1205 1772 ἐξήγησιν
1219 1717 1294 1759 effe
1306 1718 1462 1759 illorum
1473 1718 1586 1760 Thu-
1645 1736 1652 1748 ·

309 1775 457 1829 cydidis
473 1774 708 1822 verborum,
726 1786 827 1828 quae
843 1786 936 1813 mox
952 1773 1062 1813 velut
1085 1786 1154 1827 per
1169 1772 1414 1827 parenthesin
1432 1786 1455 1813 a
1474 1772 1586 1813 Thu-

308 1829 450 1882 cydide
464 1838 680 1884 ponuntur,
699 1829 806 1868 nm&
819 1829 863 1868 ‘rb
880 1827 1108 1880 ἀνθρώπινον,
1126 1826 1208 1868 slve
1226 1824 1289 1867 ἀνθ
1309 1826 1451 1867 cimm-
1465 1826 1591 1868 Alio-‚
1649 1866 1662 1878 ,.

308 1897 380 1935 qui
395 1895 499 1924 certe
519 1894 621 1924 inter
632 1882 872 1924 vocabulum
887 1881 978 1929 ill-ud
997 1879 1194 1930 ὦφελείοις,
1208 1880 1250 1921 &
1265 1881 1276 1920 i
1309 1893 1332 1922 a
1344 1880 1464 1921 verba
1477 1881 1584 1921 ἐπει-

309 1937 362 1979 sti
378 1938 512 1979 &snm
536 1940 591 1978 τὰ
613 1937 842 1991 ἀνθρώπινοι,
859 1935 983 1977 deeffe
1004 1935 1191 1990 quaedam
1212 1935 1352 1976 merito
1376 1933 1586 1989 suspicare-

309 2005 410 2034 mur.
426 1992 582 2034 Sum.

364 2050 442 2087 ead.
463 2049 487 2088 l.
504 2060 565 2087 10.
584 2044 671 2099 Περὶ
694 2043 759 2087 τῗίς
783 2043 966 2098 ἱστορίαις,
981 2042 1047 2084 καὶ
1070 2041 1279 2136 niventia«)
1294 2041 1382 2096 Περὶ
1398 2041 1464 2085 τῆς
1481 2042 1585 2084 ἱστο-

310 2100 406 2155 ρίαις,
418 2100 487 2142 τῆς
499 2115 544 2140 τε
558 2099 730 2152 φράσεως
746 2096 882 2145 αὐτῆς,
897 2097 963 2137 καὶ
978 2096 1089 2145 aiom.
1101 2095 1174 2137 Ms.
1184 2097 1240 2136 Ba
1259 2127 1268 2136 .

365 2158 441 2195 ead.
453 2156 478 2196 I.
494 2169 553 2195 12.
568 2149 727 2201 Εὗνοίοις,
741 2153 806 2194 ἐπὶ
818 2151 940 2205 Actae.)
954 2151 1063 2192 Dicit
1075 2147 1215 2191 εὐνοίας
1229 2149 1385 2204 quidem
1401 2150 1449 2191 ad
1463 2151 1584 2206 Lacef

309 2209 538 2250 daemonios
547 2238 562 2256 ,
579 2218 620 2248 at
632 2207 783 2259 μνήμης
797 2207 844 2247 ad
856 2203 1108 2255 Athenienses
1120 2203 1326 2258 respicere:
1342 2204 1419 2246 hoc
1429 2204 1499 2246 fibi
1509 2219 1585 2247 vo-

309 2263 392 2304 lens
402 2294 413 2312 ,
429 2263 502 2316 (ut
517 2276 546 2303 o
574 2261 687 2316 inor)
701 2259 957 2302 Athenienses
977 2259 1130 2314 quidem
1142 2288 1157 2305 ‚
1172 2271 1262 2300 cum
1282 2258 1330 2299 de
1346 2270 1388 2299 re
1402 2260 1583 2313 quapiam

308 2316 351 2358 in
366 2316 470 2358 bello
483 2276 586 2371 gesfa
598 2316 947 2368 interrogarentur,
967 2312 1201 2368 respondere
1216 2311 1352 2354 solitos
1365 2324 1483 2365 prout
1500 2327 1584 2355 me-

309 2370 520 2412 miniffent:
535 2381 575 2411 at
588 2382 684 2412 vero
696 2368 1028 2410 Lacedaemonios
1040 2366 1182 2420 aliquid
1195 2366 1319 2406 amori
1330 2365 1483 2407 suarum
1495 2381 1584 2421 par-

309 2426 410 2465 tium
422 2425 440 2478 (
452 2425 488 2472 id
502 2423 578 2472 est,
594 2437 677 2478 quo
691 2434 817 2477 partes
829 2422 915 2464 suas
930 2419 1289 2476 prosequebantur)
1311 2420 1403 2461 dare
1417 2421 1585 2462 consue-

309 2478 416 2520 visse.
436 2479 510 2520 Sed
531 2491 608 2530 ego
629 2477 888 2525 subtiliorem,
913 2489 1030 2530 quam
1053 2475 1270 2521 veriorem,
1286 2473 1384 2515 hanc
1405 2475 1584 2536 exegesim

308 2533 384 2576 esse
398 2533 601 2576 existimo:
621 2532 664 2575 &
684 2543 823 2576 contra
833 2529 1107 2585 Thucydidem
1126 2527 1343 2583 sunpliciter
1366 2526 1436 2583 (ut
1453 2540 1507 2571 ita
1526 2530 1583 2572 di-
