<?xml version="1.0" encoding="UTF-8"?>
<!DOCTYPE html PUBLIC "-//W3C//DTD XHTML 1.0 Transitional//EN"
    "http://www.w3.org/TR/xhtml1/DTD/xhtml1-transitional.dtd">
<html xmlns="http://www.w3.org/1999/xhtml" xml:lang="en" lang="en">
 <head>
  <title>
</title>
<meta http-equiv="Content-Type" content="text/html;charset=utf-8" />
  <meta name='ocr-system' content='tesseract 3.04.00' />
  <meta name='ocr-capabilities' content='ocr_page ocr_carea ocr_par ocr_line ocrx_word'/>
</head>
<body>
  <div class='ocr_page' id='page_1' title='image "./debellopeloponn06thucuoft_0030.png"; bbox 0 0 1690 3120; ppageno 0'>
   <div class='ocr_carea' id='block_1_1' title="bbox 355 221 1330 308">
    <p class='ocr_par' dir='ltr' id='par_1_1' title="bbox 355 221 1330 308">
     <span class='ocr_line' id='line_1_1' title="bbox 355 221 1330 308; baseline -0.005 0"><span class='ocrx_word' id='word_1_1' title='bbox 355 276 414 308; x_wconf 89' lang='lat'>22</span> <span class='ocrx_word' id='word_1_2' title='bbox 654 221 1330 304; x_wconf 73' lang='lat' dir='ltr'>H.STEPHAN1</span> 
     </span>
    </p>
   </div>
   <div class='ocr_carea' id='block_1_2' title="bbox 353 345 1681 2561">
    <p class='ocr_par' dir='ltr' id='par_1_2' title="bbox 353 345 1681 1262">
     <span class='ocr_line' id='line_1_2' title="bbox 354 345 1681 400; baseline 0.002 -13"><span class='ocrx_word' id='word_1_3' title='bbox 354 345 540 400; x_wconf 83' lang='lat' dir='ltr'>quoniam</span> <span class='ocrx_word' id='word_1_4' title='bbox 555 345 685 400; x_wconf 84' lang='lat' dir='ltr'>potius</span> <span class='ocrx_word' id='word_1_5' title='bbox 708 345 847 386; x_wconf 77' lang='lat' dir='ltr'>dicitur</span> <span class='ocrx_word' id='word_1_6' title='bbox 864 345 999 400; x_wconf 82' lang='lat' dir='ltr'>aliquis</span> <span class='ocrx_word' id='word_1_7' title='bbox 1016 346 1285 387; x_wconf 64' lang='grc' dir='ltr'><strong><em>ἀποτείνεσὲαι</em></strong></span> <span class='ocrx_word' id='word_1_8' title='bbox 1304 348 1394 400; x_wconf 67' lang='grc' dir='ltr'><strong><em>προς</em></strong></span> <span class='ocrx_word' id='word_1_9' title='bbox 1408 345 1477 388; x_wconf 73' lang='lat' dir='ltr'>vel</span> <span class='ocrx_word' id='word_1_10' title='bbox 1489 345 1543 387; x_wconf 80' lang='grc' dir='ltr'><strong><em>εἰς</em></strong></span> <span class='ocrx_word' id='word_1_11' title='bbox 1559 360 1623 389; x_wconf 76' lang='grc' dir='ltr'>τι·</span> <span class='ocrx_word' id='word_1_12' title='bbox 1678 366 1681 368; x_wconf 95' lang='grc'><strong><em>·</em></strong></span> 
     </span>
     <span class='ocr_line' id='line_1_3' title="bbox 353 398 1624 454; baseline 0 -12"><span class='ocrx_word' id='word_1_13' title='bbox 353 403 421 448; x_wconf 70' lang='grc' dir='ltr'><strong><em>να,</em></strong></span> <span class='ocrx_word' id='word_1_14' title='bbox 439 413 556 454; x_wconf 88' lang='lat' dir='ltr'>quam</span> <span class='ocrx_word' id='word_1_15' title='bbox 572 413 662 442; x_wconf 91' lang='lat' dir='ltr'>cum</span> <span class='ocrx_word' id='word_1_16' title='bbox 684 398 806 441; x_wconf 85' lang='lat' dir='ltr'>accus.</span> <span class='ocrx_word' id='word_1_17' title='bbox 824 398 1093 442; x_wconf 63' lang='grc' dir='ltr'><strong><em>ἀποτείνεσδαι</em></strong></span> <span class='ocrx_word' id='word_1_18' title='bbox 1111 403 1173 441; x_wconf 64' lang='grc' dir='ltr'>τον</span> <span class='ocrx_word' id='word_1_19' title='bbox 1197 401 1312 454; x_wconf 65' lang='grc' dir='ltr'><strong><em>λόγον</em></strong></span> <span class='ocrx_word' id='word_1_20' title='bbox 1335 399 1402 442; x_wconf 91' lang='lat' dir='ltr'>vel</span> <span class='ocrx_word' id='word_1_21' title='bbox 1427 400 1624 442; x_wconf 70' lang='grc' dir='ltr'><strong><em>ἀποτείνε-</em></strong></span> 
     </span>
     <span class='ocr_line' id='line_1_4' title="bbox 357 453 1622 511; baseline 0 -16"><span class='ocrx_word' id='word_1_22' title='bbox 357 455 452 495; x_wconf 58' lang='lat' dir='ltr'>ozai</span> <span class='ocrx_word' id='word_1_23' title='bbox 475 468 516 494; x_wconf 91' lang='grc' dir='ltr'>τι</span> <span class='ocrx_word' id='word_1_24' title='bbox 542 454 596 495; x_wconf 83' lang='grc' dir='ltr'><strong><em>εἰς</em></strong></span> <span class='ocrx_word' id='word_1_25' title='bbox 622 455 731 503; x_wconf 68' lang='grc' dir='ltr'><strong><em>τινα,</em></strong></span> <span class='ocrx_word' id='word_1_26' title='bbox 751 453 884 507; x_wconf 89' lang='lat' dir='ltr'>potius</span> <span class='ocrx_word' id='word_1_27' title='bbox 907 454 1132 511; x_wconf 62' lang='lat' dir='ltr'>nominandi</span> <span class='ocrx_word' id='word_1_28' title='bbox 1157 453 1268 496; x_wconf 86' lang='lat' dir='ltr'>casus</span> <span class='ocrx_word' id='word_1_29' title='bbox 1284 454 1358 495; x_wconf 84' lang='lat' dir='ltr'>effe</span> <span class='ocrx_word' id='word_1_30' title='bbox 1377 454 1622 496; x_wconf 81' lang='lat' dir='ltr'>crediderim:</span> 
     </span>
     <span class='ocr_line' id='line_1_5' title="bbox 355 506 1626 563; baseline 0.001 -14"><span class='ocrx_word' id='word_1_31' title='bbox 355 508 515 561; x_wconf 85' lang='lat' dir='ltr'><strong>perinde</strong></span> <span class='ocrx_word' id='word_1_32' title='bbox 534 521 583 549; x_wconf 88' lang='lat' dir='ltr'>ac</span> <span class='ocrx_word' id='word_1_33' title='bbox 599 507 627 548; x_wconf 83' lang='lat' dir='ltr'>fi</span> <span class='ocrx_word' id='word_1_34' title='bbox 647 508 851 557; x_wconf 80' lang='lat' dir='ltr'><strong>diceretur,</strong></span> <span class='ocrx_word' id='word_1_35' title='bbox 872 506 951 547; x_wconf 69' lang='grc' dir='ltr'><strong><em>τᾶς</em></strong></span> <span class='ocrx_word' id='word_1_36' title='bbox 966 508 1072 548; x_wconf 81' lang='grc' dir='ltr'><strong><em>οὑτος</em></strong></span> <span class='ocrx_word' id='word_1_37' title='bbox 1090 507 1108 548; x_wconf 79' lang='grc' dir='ltr'><strong>ὅ</strong></span> <span class='ocrx_word' id='word_1_38' title='bbox 1129 508 1244 562; x_wconf 73' lang='grc' dir='ltr'><strong><em>λόγος</em></strong></span> <span class='ocrx_word' id='word_1_39' title='bbox 1267 507 1514 550; x_wconf 77' lang='grc' dir='ltr'><strong><em>ἀποτείνεται</em></strong></span> <span class='ocrx_word' id='word_1_40' title='bbox 1531 507 1626 563; x_wconf 62' lang='grc' dir='ltr'><strong><em>προς</em></strong></span> 
     </span>
     <span class='ocr_line' id='line_1_6' title="bbox 357 561 1626 616; baseline 0.002 -16"><span class='ocrx_word' id='word_1_41' title='bbox 357 561 608 616; x_wconf 57' lang='grc' dir='ltr'><strong><em>Ἀρχίὲαμον,</em></strong></span> <span class='ocrx_word' id='word_1_42' title='bbox 619 562 711 603; x_wconf 87' lang='lat' dir='ltr'>item</span> <span class='ocrx_word' id='word_1_43' title='bbox 723 563 813 615; x_wconf 67' lang='grc' dir='ltr'><strong><em>τρὶς</em></strong></span> <span class='ocrx_word' id='word_1_44' title='bbox 823 563 887 601; x_wconf 69' lang='grc' dir='ltr'>τον</span> <span class='ocrx_word' id='word_1_45' title='bbox 898 561 1077 614; x_wconf 84' lang='grc' dir='ltr'><strong><em>Κορίνθιον.</em></strong></span> <span class='ocrx_word' id='word_1_46' title='bbox 1090 561 1253 616; x_wconf 81' lang='lat' dir='ltr'>Alioqui</span> <span class='ocrx_word' id='word_1_47' title='bbox 1262 562 1429 602; x_wconf 61' lang='lat' dir='ltr'>activam</span> <span class='ocrx_word' id='word_1_48' title='bbox 1440 562 1504 603; x_wconf 86' lang='lat' dir='ltr'>hic</span> <span class='ocrx_word' id='word_1_49' title='bbox 1513 561 1626 616; x_wconf 71' lang='lat' dir='ltr'>figni-</span> 
     </span>
     <span class='ocr_line' id='line_1_7' title="bbox 356 614 1626 670; baseline -0.001 -14"><span class='ocrx_word' id='word_1_50' title='bbox 356 615 578 657; x_wconf 86' lang='lat' dir='ltr'>ficationem</span> <span class='ocrx_word' id='word_1_51' title='bbox 589 616 742 657; x_wconf 82' lang='lat' dir='ltr'>habebit</span> <span class='ocrx_word' id='word_1_52' title='bbox 754 614 979 663; x_wconf 69' lang='grc' dir='ltr'><strong><em>ἀποτείνειν,</em></strong></span> <span class='ocrx_word' id='word_1_53' title='bbox 989 616 1031 656; x_wconf 89' lang='lat'>&amp;</span> <span class='ocrx_word' id='word_1_54' title='bbox 1042 628 1096 656; x_wconf 81' lang='lat' dir='ltr'>eo·</span> <span class='ocrx_word' id='word_1_55' title='bbox 1105 615 1254 656; x_wconf 81' lang='lat' dir='ltr'>dicetur</span> <span class='ocrx_word' id='word_1_56' title='bbox 1265 617 1385 657; x_wconf 86' lang='lat' dir='ltr'>modo</span> <span class='ocrx_word' id='word_1_57' title='bbox 1394 647 1410 664; x_wconf 89' lang='lat'>,</span> <span class='ocrx_word' id='word_1_58' title='bbox 1426 629 1510 670; x_wconf 88' lang='lat' dir='ltr'>quo</span> <span class='ocrx_word' id='word_1_59' title='bbox 1527 616 1626 656; x_wconf 71' lang='grc' dir='ltr'>ἀπο-</span> 
     </span>
     <span class='ocr_line' id='line_1_8' title="bbox 356 668 1624 724; baseline 0.001 -14"><span class='ocrx_word' id='word_1_60' title='bbox 356 671 485 710; x_wconf 79' lang='grc' dir='ltr'><strong><em>τείνειν</em></strong></span> <span class='ocrx_word' id='word_1_61' title='bbox 506 673 570 710; x_wconf 66' lang='grc' dir='ltr'>τον</span> <span class='ocrx_word' id='word_1_62' title='bbox 589 669 706 723; x_wconf 72' lang='grc' dir='ltr'><strong><em>λόγον</em></strong></span> <span class='ocrx_word' id='word_1_63' title='bbox 723 682 798 724; x_wconf 80' lang='lat' dir='ltr'>pro</span> <span class='ocrx_word' id='word_1_64' title='bbox 816 668 1076 719; x_wconf 74' lang='grc' dir='ltr'><strong><em>ἀπομηκύνειν.</em></strong></span> <span class='ocrx_word' id='word_1_65' title='bbox 1085 670 1236 710; x_wconf 84' lang='lat' dir='ltr'>Verum</span> <span class='ocrx_word' id='word_1_66' title='bbox 1249 669 1519 711; x_wconf 66' lang='grc' dir='ltr'><strong><em>ἀποτείνεσῧαι</em></strong></span> <span class='ocrx_word' id='word_1_67' title='bbox 1531 672 1624 724; x_wconf 61' lang='grc' dir='ltr'>πρὶς</span> 
     </span>
     <span class='ocr_line' id='line_1_9' title="bbox 358 723 1627 777; baseline -0.002 -11"><span class='ocrx_word' id='word_1_68' title='bbox 358 724 425 766; x_wconf 74' lang='lat' dir='ltr'>vel</span> <span class='ocrx_word' id='word_1_69' title='bbox 438 724 489 764; x_wconf 85' lang='grc' dir='ltr'><strong><em>εἰς</em></strong></span> <span class='ocrx_word' id='word_1_70' title='bbox 502 725 587 765; x_wconf 73' lang='grc' dir='ltr'><strong><em>τινα</em></strong></span> <span class='ocrx_word' id='word_1_71' title='bbox 601 724 738 765; x_wconf 86' lang='lat' dir='ltr'>dicitur</span> <span class='ocrx_word' id='word_1_72' title='bbox 750 723 886 777; x_wconf 87' lang='lat' dir='ltr'>aliquis</span> <span class='ocrx_word' id='word_1_73' title='bbox 896 753 909 769; x_wconf 93' lang='lat'><em>,</em></span> <span class='ocrx_word' id='word_1_74' title='bbox 927 736 1016 764; x_wconf 87' lang='lat' dir='ltr'>cum</span> <span class='ocrx_word' id='word_1_75' title='bbox 1033 723 1072 763; x_wconf 92' lang='lat' dir='ltr'>in</span> <span class='ocrx_word' id='word_1_76' title='bbox 1090 737 1181 764; x_wconf 83' lang='lat' dir='ltr'>eum</span> <span class='ocrx_word' id='word_1_77' title='bbox 1195 723 1411 765; x_wconf 82' lang='lat' dir='ltr'>invehitur:</span> <span class='ocrx_word' id='word_1_78' title='bbox 1427 723 1493 765; x_wconf 88' lang='lat' dir='ltr'>sed</span> <span class='ocrx_word' id='word_1_79' title='bbox 1506 735 1627 764; x_wconf 90' lang='lat' dir='ltr'>utun-</span> 
     </span>
     <span class='ocr_line' id='line_1_10' title="bbox 358 777 1628 832; baseline -0.002 -14"><span class='ocrx_word' id='word_1_80' title='bbox 358 788 424 819; x_wconf 87' lang='lat' dir='ltr'>tur</span> <span class='ocrx_word' id='word_1_81' title='bbox 444 778 562 818; x_wconf 87' lang='lat' dir='ltr'>etiam</span> <span class='ocrx_word' id='word_1_82' title='bbox 582 778 628 818; x_wconf 93' lang='lat' dir='ltr'>de</span> <span class='ocrx_word' id='word_1_83' title='bbox 648 791 720 827; x_wconf 90' lang='lat' dir='ltr'>eo,</span> <span class='ocrx_word' id='word_1_84' title='bbox 739 778 809 831; x_wconf 72' lang='lat' dir='ltr'>qni</span> <span class='ocrx_word' id='word_1_85' title='bbox 826 778 1044 831; x_wconf 85' lang='lat' dir='ltr'>quempiam</span> <span class='ocrx_word' id='word_1_86' title='bbox 1066 777 1194 817; x_wconf 88' lang='lat' dir='ltr'>obiter</span> <span class='ocrx_word' id='word_1_87' title='bbox 1213 787 1371 818; x_wconf 85' lang='lat' dir='ltr'>tantum</span> <span class='ocrx_word' id='word_1_88' title='bbox 1390 777 1628 832; x_wconf 81' lang='lat' dir='ltr'>perstringit,</span> 
     </span>
     <span class='ocr_line' id='line_1_11' title="bbox 358 830 1628 886; baseline 0 -14"><span class='ocrx_word' id='word_1_89' title='bbox 358 831 469 872; x_wconf 85' lang='lat' dir='ltr'>suam</span> <span class='ocrx_word' id='word_1_90' title='bbox 484 831 664 873; x_wconf 86' lang='lat' dir='ltr'>adversus</span> <span class='ocrx_word' id='word_1_91' title='bbox 676 845 767 872; x_wconf 91' lang='lat' dir='ltr'>eum</span> <span class='ocrx_word' id='word_1_92' title='bbox 779 831 995 871; x_wconf 84' lang='lat' dir='ltr'>orationem</span> <span class='ocrx_word' id='word_1_93' title='bbox 1011 830 1078 885; x_wconf 85' lang='lat'>(&amp;</span> <span class='ocrx_word' id='word_1_94' title='bbox 1090 832 1249 885; x_wconf 86' lang='lat' dir='ltr'>quidem</span> <span class='ocrx_word' id='word_1_95' title='bbox 1265 831 1414 886; x_wconf 87' lang='lat' dir='ltr'>plerum</span> <span class='ocrx_word' id='word_1_96' title='bbox 1470 845 1493 872; x_wconf 93' lang='lat' dir='ltr'>e</span> <span class='ocrx_word' id='word_1_97' title='bbox 1509 832 1564 872; x_wconf 78' lang='lat' dir='ltr'>ita</span> <span class='ocrx_word' id='word_1_98' title='bbox 1582 842 1628 872; x_wconf 83' lang='lat' dir='ltr'>ut</span> 
     </span>
     <span class='ocr_line' id='line_1_12' title="bbox 360 884 1630 941; baseline 0.001 -15"><span class='ocrx_word' id='word_1_99' title='bbox 360 899 506 927; x_wconf 86' lang='lat' dir='ltr'>nomen</span> <span class='ocrx_word' id='word_1_100' title='bbox 517 887 601 927; x_wconf 82' lang='lat' dir='ltr'>eius</span> <span class='ocrx_word' id='word_1_101' title='bbox 618 885 759 939; x_wconf 87' lang='lat' dir='ltr'>taceat)</span> <span class='ocrx_word' id='word_1_102' title='bbox 774 886 948 938; x_wconf 80' lang='lat' dir='ltr'>dirigens.</span> <span class='ocrx_word' id='word_1_103' title='bbox 962 885 1025 926; x_wconf 91' lang='lat' dir='ltr'>Ac</span> <span class='ocrx_word' id='word_1_104' title='bbox 1035 886 1216 939; x_wconf 77' lang='lat' dir='ltr'>quamvis</span> <span class='ocrx_word' id='word_1_105' title='bbox 1227 884 1397 927; x_wconf 80' lang='lat' dir='ltr'>sumtum</span> <span class='ocrx_word' id='word_1_106' title='bbox 1438 896 1454 925; x_wconf 83' lang='lat' dir='ltr'>t</span> <span class='ocrx_word' id='word_1_107' title='bbox 1466 886 1545 926; x_wconf 85' lang='lat' dir='ltr'>hoc</span> <span class='ocrx_word' id='word_1_108' title='bbox 1561 898 1630 941; x_wconf 86' lang='lat' dir='ltr'>ge-</span> 
     </span>
     <span class='ocr_line' id='line_1_13' title="bbox 359 938 1631 994; baseline -0.001 -12"><span class='ocrx_word' id='word_1_109' title='bbox 359 953 436 982; x_wconf 87' lang='lat' dir='ltr'>nus</span> <span class='ocrx_word' id='word_1_110' title='bbox 457 940 637 994; x_wconf 90' lang='lat' dir='ltr'>loquendi</span> <span class='ocrx_word' id='word_1_111' title='bbox 656 940 705 980; x_wconf 87' lang='lat' dir='ltr'>ab</span> <span class='ocrx_word' id='word_1_112' title='bbox 726 940 790 988; x_wconf 88' lang='lat' dir='ltr'>iis,</span> <span class='ocrx_word' id='word_1_113' title='bbox 805 941 872 993; x_wconf 90' lang='lat' dir='ltr'>qui</span> <span class='ocrx_word' id='word_1_114' title='bbox 893 938 1055 979; x_wconf 76' lang='lat' dir='ltr'>verbose</span> <span class='ocrx_word' id='word_1_115' title='bbox 1074 940 1117 979; x_wconf 75' lang='lat' dir='ltr'>in-</span> <span class='ocrx_word' id='word_1_116' title='bbox 1132 939 1298 993; x_wconf 82' lang='lat' dir='ltr'>aliquem</span> <span class='ocrx_word' id='word_1_117' title='bbox 1317 939 1631 989; x_wconf 72' lang='lat' dir='ltr'>invehuntur-‚in</span> 
     </span>
     <span class='ocr_line' id='line_1_14' title="bbox 361 992 1631 1048; baseline 0 -14"><span class='ocrx_word' id='word_1_118' title='bbox 361 993 433 1034; x_wconf 90' lang='lat' dir='ltr'>usu</span> <span class='ocrx_word' id='word_1_119' title='bbox 452 1006 581 1034; x_wconf 84' lang='lat' dir='ltr'>tamen</span> <span class='ocrx_word' id='word_1_120' title='bbox 595 993 649 1034; x_wconf 88' lang='lat' dir='ltr'>est</span> <span class='ocrx_word' id='word_1_121' title='bbox 669 994 715 1033; x_wconf 93' lang='lat' dir='ltr'>de</span> <span class='ocrx_word' id='word_1_122' title='bbox 739 994 787 1033; x_wconf 87' lang='lat' dir='ltr'>iis</span> <span class='ocrx_word' id='word_1_123' title='bbox 800 993 916 1033; x_wconf 83' lang='lat' dir='ltr'>etiam</span> <span class='ocrx_word' id='word_1_124' title='bbox 926 1023 938 1041; x_wconf 89' lang='lat'>‚</span> <span class='ocrx_word' id='word_1_125' title='bbox 957 994 1028 1046; x_wconf 87' lang='lat' dir='ltr'>qui</span> <span class='ocrx_word' id='word_1_126' title='bbox 1042 993 1110 1033; x_wconf 87' lang='lat' dir='ltr'>vel</span> <span class='ocrx_word' id='word_1_127' title='bbox 1128 992 1355 1048; x_wconf 79' lang='lat' dir='ltr'>pauciffimis</span> <span class='ocrx_word' id='word_1_128' title='bbox 1367 994 1499 1035; x_wconf 81' lang='lat' dir='ltr'>verbis</span> <span class='ocrx_word' id='word_1_129' title='bbox 1511 994 1552 1034; x_wconf 87' lang='lat' dir='ltr'>id</span> <span class='ocrx_word' id='word_1_130' title='bbox 1568 992 1631 1034; x_wconf 89' lang='lat' dir='ltr'>fa-</span> 
     </span>
     <span class='ocr_line' id='line_1_15' title="bbox 361 1047 1632 1101; baseline 0 -13"><span class='ocrx_word' id='word_1_131' title='bbox 361 1049 482 1089; x_wconf 88' lang='lat' dir='ltr'>ciunt.</span> <span class='ocrx_word' id='word_1_132' title='bbox 501 1048 565 1088; x_wconf 88' lang='lat' dir='ltr'>Sic</span> <span class='ocrx_word' id='word_1_133' title='bbox 583 1048 685 1101; x_wconf 86' lang='lat' dir='ltr'>apud</span> <span class='ocrx_word' id='word_1_134' title='bbox 699 1047 818 1101; x_wconf 83' lang='lat' dir='ltr'>Diog.</span> <span class='ocrx_word' id='word_1_135' title='bbox 837 1047 1033 1088; x_wconf 67' lang='lat' dir='ltr'>Laenium</span> <span class='ocrx_word' id='word_1_136' title='bbox 1045 1077 1058 1093; x_wconf 88' lang='lat'>,</span> <span class='ocrx_word' id='word_1_137' title='bbox 1076 1048 1115 1087; x_wconf 91' lang='lat' dir='ltr'>in</span> <span class='ocrx_word' id='word_1_138' title='bbox 1130 1047 1359 1096; x_wconf 84' lang='lat' dir='ltr'>Aristotele,</span> <span class='ocrx_word' id='word_1_139' title='bbox 1374 1048 1568 1089; x_wconf 66' lang='grc' dir='ltr'>πολλάκις</span> <span class='ocrx_word' id='word_1_140' title='bbox 1582 1047 1632 1088; x_wconf 59' lang='lat' dir='ltr'>s}</span> 
     </span>
     <span class='ocr_line' id='line_1_16' title="bbox 361 1099 1632 1155; baseline -0.001 -13"><span class='ocrx_word' id='word_1_141' title='bbox 361 1102 431 1142; x_wconf 75' lang='grc' dir='ltr'><strong><em>καὶ</em></strong></span> <span class='ocrx_word' id='word_1_142' title='bbox 456 1102 753 1153; x_wconf 73' lang='grc' dir='ltr'><strong><em>ἀποτεινόμενος,</em></strong></span> <span class='ocrx_word' id='word_1_143' title='bbox 774 1100 860 1141; x_wconf 81' lang='grc' dir='ltr'><strong><em>τοὺς</em></strong></span> <span class='ocrx_word' id='word_1_144' title='bbox 881 1100 1085 1142; x_wconf 79' lang='grc' dir='ltr'><strong><em>Ἀθηναίους</em></strong></span> <span class='ocrx_word' id='word_1_145' title='bbox 1107 1100 1266 1152; x_wconf 80' lang='grc' dir='ltr'><strong><em>’έφασιιεν</em></strong></span> <span class='ocrx_word' id='word_1_146' title='bbox 1286 1099 1473 1155; x_wconf 70' lang='grc' dir='ltr'><strong><em>εὑρηκέναι</em></strong></span> <span class='ocrx_word' id='word_1_147' title='bbox 1495 1101 1632 1155; x_wconf 71' lang='grc' dir='ltr'><strong><em>πυροὺς</em></strong></span> 
     </span>
     <span class='ocr_line' id='line_1_17' title="bbox 362 1153 1633 1210; baseline 0.001 -15"><span class='ocrx_word' id='word_1_148' title='bbox 362 1156 430 1196; x_wconf 79' lang='grc' dir='ltr'><strong><em>κα)</em></strong></span> <span class='ocrx_word' id='word_1_149' title='bbox 444 1155 587 1206; x_wconf 58' lang='lat' dir='ltr'>vamus-</span> <span class='ocrx_word' id='word_1_150' title='bbox 602 1156 712 1196; x_wconf 70' lang='grc' dir='ltr'><strong>ἀλλὰ.</strong></span> <span class='ocrx_word' id='word_1_151' title='bbox 725 1155 854 1208; x_wconf 72' lang='grc' dir='ltr'><strong><em>πυροῖς</em></strong></span> <span class='ocrx_word' id='word_1_152' title='bbox 863 1153 931 1205; x_wconf 81' lang='grc' dir='ltr'>μὲν</span> <span class='ocrx_word' id='word_1_153' title='bbox 943 1153 1136 1208; x_wconf 66' lang='grc' dir='ltr'><strong><em>χρῆσὲιαι,</em></strong></span> <span class='ocrx_word' id='word_1_154' title='bbox 1153 1155 1274 1206; x_wconf 71' lang='grc' dir='ltr'><strong><em>νόμοις</em></strong></span> <span class='ocrx_word' id='word_1_155' title='bbox 1286 1155 1334 1196; x_wconf 58' lang='lat' dir='ltr'>st</span> <span class='ocrx_word' id='word_1_156' title='bbox 1343 1153 1410 1207; x_wconf 67' lang='grc' dir='ltr'>μή.</span> <span class='ocrx_word' id='word_1_157' title='bbox 1421 1155 1506 1198; x_wconf 82' lang='lat' dir='ltr'>Ubi</span> <span class='ocrx_word' id='word_1_158' title='bbox 1515 1154 1633 1210; x_wconf 80' lang='lat' dir='ltr'>suspi-</span> 
     </span>
     <span class='ocr_line' id='line_1_18' title="bbox 361 1207 1352 1262; baseline 0 -12"><span class='ocrx_word' id='word_1_159' title='bbox 361 1222 434 1251; x_wconf 81' lang='lat' dir='ltr'>cor</span> <span class='ocrx_word' id='word_1_160' title='bbox 447 1208 568 1250; x_wconf 83' lang='lat' dir='ltr'>deeffe</span> <span class='ocrx_word' id='word_1_161' title='bbox 582 1209 647 1250; x_wconf 89' lang='lat' dir='ltr'>vel</span> <span class='ocrx_word' id='word_1_162' title='bbox 663 1211 751 1262; x_wconf 64' lang='grc' dir='ltr'>πρὶς</span> <span class='ocrx_word' id='word_1_163' title='bbox 770 1209 834 1249; x_wconf 90' lang='lat' dir='ltr'>vel</span> <span class='ocrx_word' id='word_1_164' title='bbox 853 1209 905 1248; x_wconf 79' lang='grc' dir='ltr'>εὶς</span> <span class='ocrx_word' id='word_1_165' title='bbox 923 1219 1012 1249; x_wconf 86' lang='lat' dir='ltr'>ante</span> <span class='ocrx_word' id='word_1_166' title='bbox 1027 1207 1114 1249; x_wconf 85' lang='grc' dir='ltr'><strong><em>τοὺς</em></strong></span> <span class='ocrx_word' id='word_1_167' title='bbox 1130 1208 1352 1250; x_wconf 78' lang='grc' dir='ltr'><strong><em>Ἀθηναίους.</em></strong></span> 
     </span>
    </p>

    <p class='ocr_par' dir='ltr' id='par_1_3' title="bbox 364 1262 1647 2561">
     <span class='ocr_line' id='line_1_19' title="bbox 430 1262 1638 1316; baseline 0.001 -13"><span class='ocrx_word' id='word_1_168' title='bbox 430 1264 487 1303; x_wconf 90' lang='lat' dir='ltr'>At</span> <span class='ocrx_word' id='word_1_169' title='bbox 508 1277 608 1304; x_wconf 86' lang='lat' dir='ltr'>vero</span> <span class='ocrx_word' id='word_1_170' title='bbox 629 1263 867 1304; x_wconf 53' lang='grc' dir='ltr'><strong><em>αἰνίττεσθαι</em></strong></span> <span class='ocrx_word' id='word_1_171' title='bbox 889 1262 1166 1315; x_wconf 82' lang='lat' dir='ltr'>Thucydidem</span> <span class='ocrx_word' id='word_1_172' title='bbox 1185 1263 1330 1316; x_wconf 84' lang='lat' dir='ltr'>aliquid</span> <span class='ocrx_word' id='word_1_173' title='bbox 1351 1263 1418 1304; x_wconf 86' lang='lat' dir='ltr'>vel</span> <span class='ocrx_word' id='word_1_174' title='bbox 1441 1263 1489 1304; x_wconf 78' lang='lat' dir='ltr'>ali</span> <span class='ocrx_word' id='word_1_175' title='bbox 1545 1276 1638 1314; x_wconf 81' lang='lat' dir='ltr'>em,</span> 
     </span>
     <span class='ocr_line' id='line_1_20' title="bbox 364 1316 1634 1371; baseline -0.001 -12"><span class='ocrx_word' id='word_1_176' title='bbox 364 1330 455 1359; x_wconf 88' lang='lat' dir='ltr'>cum</span> <span class='ocrx_word' id='word_1_177' title='bbox 468 1317 577 1366; x_wconf 83' lang='lat' dir='ltr'>dicit,</span> <span class='ocrx_word' id='word_1_178' title='bbox 595 1317 772 1370; x_wconf 87' lang='lat' dir='ltr'>intelligit</span> <span class='ocrx_word' id='word_1_179' title='bbox 783 1348 797 1364; x_wconf 91' lang='lat'><em>,</em></span> <span class='ocrx_word' id='word_1_180' title='bbox 816 1330 907 1357; x_wconf 87' lang='lat' dir='ltr'>eum</span> <span class='ocrx_word' id='word_1_181' title='bbox 928 1329 1011 1357; x_wconf 87' lang='lat' dir='ltr'>non</span> <span class='ocrx_word' id='word_1_182' title='bbox 1025 1327 1163 1371; x_wconf 89' lang='lat' dir='ltr'>aperto</span> <span class='ocrx_word' id='word_1_183' title='bbox 1174 1347 1187 1363; x_wconf 90' lang='lat'><em>,</em></span> <span class='ocrx_word' id='word_1_184' title='bbox 1206 1316 1268 1358; x_wconf 90' lang='lat' dir='ltr'>sed</span> <span class='ocrx_word' id='word_1_185' title='bbox 1282 1316 1466 1366; x_wconf 88' lang='lat' dir='ltr'>occulto,</span> <span class='ocrx_word' id='word_1_186' title='bbox 1502 1330 1634 1358; x_wconf 88' lang='lat' dir='ltr'>ermo-</span> 
     </span>
     <span class='ocr_line' id='line_1_21' title="bbox 364 1369 1638 1426; baseline -0.001 -15"><span class='ocrx_word' id='word_1_187' title='bbox 364 1384 415 1411; x_wconf 87' lang='lat' dir='ltr'>ne</span> <span class='ocrx_word' id='word_1_188' title='bbox 433 1370 657 1425; x_wconf 74' lang='lat' dir='ltr'>significare.</span> <span class='ocrx_word' id='word_1_189' title='bbox 674 1371 738 1411; x_wconf 89' lang='lat' dir='ltr'>Ac</span> <span class='ocrx_word' id='word_1_190' title='bbox 755 1371 950 1411; x_wconf 83' lang='lat' dir='ltr'>interdum</span> <span class='ocrx_word' id='word_1_191' title='bbox 963 1369 980 1424; x_wconf 92' lang='lat'><strong>(</strong></span> <span class='ocrx_word' id='word_1_192' title='bbox 991 1371 1033 1411; x_wconf 77' lang='grc' dir='ltr'>δι</span> <span class='ocrx_word' id='word_1_193' title='bbox 1047 1371 1203 1424; x_wconf 86' lang='lat' dir='ltr'>quidem.</span> <span class='ocrx_word' id='word_1_194' title='bbox 1216 1370 1470 1426; x_wconf 84' lang='lat' dir='ltr'>frequentius)</span> <span class='ocrx_word' id='word_1_195' title='bbox 1485 1370 1638 1412; x_wconf 84' lang='lat' dir='ltr'>accusa·-</span> 
     </span>
     <span class='ocr_line' id='line_1_22' title="bbox 364 1424 1635 1479; baseline 0.001 -14"><span class='ocrx_word' id='word_1_196' title='bbox 364 1426 492 1465; x_wconf 77' lang='lat' dir='ltr'>tivum</span> <span class='ocrx_word' id='word_1_197' title='bbox 506 1439 594 1466; x_wconf 86' lang='lat' dir='ltr'>cum</span> <span class='ocrx_word' id='word_1_198' title='bbox 611 1424 894 1479; x_wconf 82' lang='lat' dir='ltr'>praepofitione</span> <span class='ocrx_word' id='word_1_199' title='bbox 907 1425 970 1464; x_wconf 91' lang='lat' dir='ltr'>dat</span> <span class='ocrx_word' id='word_1_200' title='bbox 990 1424 1080 1465; x_wconf 86' lang='lat' dir='ltr'>huic</span> <span class='ocrx_word' id='word_1_201' title='bbox 1095 1425 1240 1465; x_wconf 82' lang='lat' dir='ltr'>verbo:</span> <span class='ocrx_word' id='word_1_202' title='bbox 1259 1436 1305 1465; x_wconf 90' lang='lat' dir='ltr'>ut</span> <span class='ocrx_word' id='word_1_203' title='bbox 1322 1439 1408 1479; x_wconf 82' lang='lat' dir='ltr'>pag.</span> <span class='ocrx_word' id='word_1_204' title='bbox 1427 1440 1498 1479; x_wconf 88' lang='grc'>343</span> <span class='ocrx_word' id='word_1_205' title='bbox 1517 1425 1546 1466; x_wconf 74' lang='lat' dir='ltr'>I.</span> <span class='ocrx_word' id='word_1_206' title='bbox 1559 1440 1635 1479; x_wconf 75' lang='lat'>32,</span> 
     </span>
     <span class='ocr_line' id='line_1_23' title="bbox 365 1477 1639 1534; baseline 0 -15"><span class='ocrx_word' id='word_1_207' title='bbox 365 1482 458 1533; x_wconf 67' lang='grc' dir='ltr'>πρὸς</span> <span class='ocrx_word' id='word_1_208' title='bbox 471 1479 558 1520; x_wconf 78' lang='grc' dir='ltr'><strong><em>τοὺς</em></strong></span> <span class='ocrx_word' id='word_1_209' title='bbox 572 1478 708 1534; x_wconf 70' lang='grc' dir='ltr'><strong><em>λόγους</em></strong></span> <span class='ocrx_word' id='word_1_210' title='bbox 719 1477 787 1519; x_wconf 77' lang='grc' dir='ltr'>τοῦ</span> <span class='ocrx_word' id='word_1_211' title='bbox 799 1478 973 1532; x_wconf 80' lang='grc' dir='ltr'>Κορινθίου</span> <span class='ocrx_word' id='word_1_212' title='bbox 983 1478 1207 1519; x_wconf 83' lang='grc' dir='ltr'><strong><em>αἰνίττεται.</em></strong></span> <span class='ocrx_word' id='word_1_213' title='bbox 1222 1478 1320 1519; x_wconf 88' lang='lat' dir='ltr'>Item</span> <span class='ocrx_word' id='word_1_214' title='bbox 1337 1492 1423 1533; x_wconf 84' lang='lat' dir='ltr'>pag.</span> <span class='ocrx_word' id='word_1_215' title='bbox 1439 1494 1458 1532; x_wconf 84' lang='lat'><em>3</em></span> <span class='ocrx_word' id='word_1_216' title='bbox 1469 1479 1552 1531; x_wconf 89' lang='lat'>171.</span> <span class='ocrx_word' id='word_1_217' title='bbox 1569 1493 1639 1533; x_wconf 55' lang='lat'>13⁴&gt;</span> 
     </span>
     <span class='ocr_line' id='line_1_24' title="bbox 366 1532 1636 1588; baseline 0 -15"><span class='ocrx_word' id='word_1_218' title='bbox 366 1535 460 1587; x_wconf 61' lang='lat' dir='ltr'>orph:</span> <span class='ocrx_word' id='word_1_219' title='bbox 471 1533 659 1587; x_wconf 59' lang='grc' dir='ltr'><strong><em>Ἡρόδοτον</em></strong></span> <span class='ocrx_word' id='word_1_220' title='bbox 671 1532 899 1573; x_wconf 78' lang='grc' dir='ltr'><strong><em>αἰνίττεται.</em></strong></span> <span class='ocrx_word' id='word_1_221' title='bbox 921 1532 1024 1573; x_wconf 89' lang='lat' dir='ltr'>Cum</span> <span class='ocrx_word' id='word_1_222' title='bbox 1045 1532 1169 1573; x_wconf 81' lang='lat' dir='ltr'>accus.</span> <span class='ocrx_word' id='word_1_223' title='bbox 1180 1543 1310 1573; x_wconf 86' lang='lat' dir='ltr'>tamen</span> <span class='ocrx_word' id='word_1_224' title='bbox 1322 1532 1401 1574; x_wconf 82' lang='lat' dir='ltr'>fine</span> <span class='ocrx_word' id='word_1_225' title='bbox 1415 1533 1588 1588; x_wconf 84' lang='lat' dir='ltr'>praepos.</span> <span class='ocrx_word' id='word_1_226' title='bbox 1607 1533 1636 1574; x_wconf 84' lang='lat'>1·.</span> 
     </span>
     <span class='ocr_line' id='line_1_25' title="bbox 368 1584 1638 1641; baseline -0.002 -13"><span class='ocrx_word' id='word_1_227' title='bbox 368 1600 421 1628; x_wconf 87' lang='lat'>20</span> <span class='ocrx_word' id='word_1_228' title='bbox 431 1617 445 1633; x_wconf 91' lang='lat'>,</span> <span class='ocrx_word' id='word_1_229' title='bbox 465 1587 680 1628; x_wconf 80' lang='grc' dir='ltr'><strong><em>αἰνίττεται</em></strong></span> <span class='ocrx_word' id='word_1_230' title='bbox 694 1586 740 1627; x_wconf 53' lang='grc' dir='ltr'>δὲ</span> <span class='ocrx_word' id='word_1_231' title='bbox 752 1588 806 1626; x_wconf 71' lang='grc' dir='ltr'>τὰ</span> <span class='ocrx_word' id='word_1_232' title='bbox 820 1585 977 1628; x_wconf 59' lang='grc' dir='ltr'><strong><em>Μηέιιια</em></strong></span> <span class='ocrx_word' id='word_1_233' title='bbox 988 1584 1194 1639; x_wconf 62' lang='grc' dir='ltr'><strong><em>Ἡροὲὂτου.</em></strong></span> <span class='ocrx_word' id='word_1_234' title='bbox 1210 1586 1272 1627; x_wconf 87' lang='lat' dir='ltr'>Sic</span> <span class='ocrx_word' id='word_1_235' title='bbox 1283 1599 1370 1641; x_wconf 80' lang='lat' dir='ltr'>pag.</span> <span class='ocrx_word' id='word_1_236' title='bbox 1395 1586 1505 1641; x_wconf 80' lang='lat'>3271.</span> <span class='ocrx_word' id='word_1_237' title='bbox 1521 1601 1562 1633; x_wconf 92' lang='lat'>2,</span> <span class='ocrx_word' id='word_1_238' title='bbox 1574 1587 1638 1626; x_wconf 79' lang='grc' dir='ltr'><strong><em>αι’-</em></strong></span> 
     </span>
     <span class='ocr_line' id='line_1_26' title="bbox 366 1640 1640 1694; baseline -0.002 -12"><span class='ocrx_word' id='word_1_239' title='bbox 366 1641 543 1682; x_wconf 81' lang='grc' dir='ltr'><strong><em>νίττεται</em></strong></span> <span class='ocrx_word' id='word_1_240' title='bbox 556 1640 779 1681; x_wconf 64' lang='lat' dir='ltr'>marisam.</span> <span class='ocrx_word' id='word_1_241' title='bbox 794 1641 878 1681; x_wconf 88' lang='lat' dir='ltr'>Nec</span> <span class='ocrx_word' id='word_1_242' title='bbox 896 1652 981 1681; x_wconf 87' lang='lat' dir='ltr'>non</span> <span class='ocrx_word' id='word_1_243' title='bbox 998 1653 1083 1694; x_wconf 85' lang='lat' dir='ltr'>pag.</span> <span class='ocrx_word' id='word_1_244' title='bbox 1104 1640 1179 1694; x_wconf 80' lang='lat'>328</span> <span class='ocrx_word' id='word_1_245' title='bbox 1198 1640 1223 1680; x_wconf 92' lang='lat' dir='ltr'>l.</span> <span class='ocrx_word' id='word_1_246' title='bbox 1238 1654 1263 1694; x_wconf 93' lang='lat'><strong>9</strong></span> <span class='ocrx_word' id='word_1_247' title='bbox 1274 1671 1287 1688; x_wconf 92' lang='lat'><strong>,</strong></span> <span class='ocrx_word' id='word_1_248' title='bbox 1304 1640 1519 1682; x_wconf 79' lang='grc' dir='ltr'><strong><em>αἰνίττεται</em></strong></span> <span class='ocrx_word' id='word_1_249' title='bbox 1535 1641 1640 1680; x_wconf 62' lang='lat' dir='ltr'>’Evin-</span> 
     </span>
     <span class='ocr_line' id='line_1_27' title="bbox 367 1693 1639 1749; baseline 0.001 -14"><span class='ocrx_word' id='word_1_250' title='bbox 367 1694 525 1746; x_wconf 61' lang='grc' dir='ltr'><strong><em>ὃαμνον.</em></strong></span> <span class='ocrx_word' id='word_1_251' title='bbox 539 1694 595 1735; x_wconf 89' lang='lat' dir='ltr'>At</span> <span class='ocrx_word' id='word_1_252' title='bbox 607 1707 706 1735; x_wconf 91' lang='lat' dir='ltr'>vero</span> <span class='ocrx_word' id='word_1_253' title='bbox 718 1707 803 1748; x_wconf 86' lang='lat' dir='ltr'>pag.</span> <span class='ocrx_word' id='word_1_254' title='bbox 822 1693 894 1749; x_wconf 83' lang='lat'>383</span> <span class='ocrx_word' id='word_1_255' title='bbox 909 1693 962 1748; x_wconf 92' lang='lat' dir='ltr'>sq.</span> <span class='ocrx_word' id='word_1_256' title='bbox 976 1704 1181 1748; x_wconf 87' lang='lat' dir='ltr'>utramque</span> <span class='ocrx_word' id='word_1_257' title='bbox 1195 1693 1370 1736; x_wconf 87' lang='lat' dir='ltr'>invenies</span> <span class='ocrx_word' id='word_1_258' title='bbox 1382 1693 1639 1736; x_wconf 60' lang='lat' dir='ltr'>constructio·</span> 
     </span>
     <span class='ocr_line' id='line_1_28' title="bbox 367 1746 1642 1802; baseline 0.002 -14"><span class='ocrx_word' id='word_1_259' title='bbox 367 1761 470 1788; x_wconf 82' lang='lat' dir='ltr'>nem.</span> <span class='ocrx_word' id='word_1_260' title='bbox 489 1761 578 1788; x_wconf 88' lang='lat' dir='ltr'>nam</span> <span class='ocrx_word' id='word_1_261' title='bbox 590 1749 647 1788; x_wconf 82' lang='lat' dir='ltr'>ibi</span> <span class='ocrx_word' id='word_1_262' title='bbox 659 1749 764 1802; x_wconf 85' lang='lat' dir='ltr'>leges</span> <span class='ocrx_word' id='word_1_263' title='bbox 781 1749 809 1788; x_wconf 79' lang='lat'>1.</span> <span class='ocrx_word' id='word_1_264' title='bbox 820 1747 892 1802; x_wconf 88' lang='grc'>36,</span> <span class='ocrx_word' id='word_1_265' title='bbox 909 1748 1128 1788; x_wconf 79' lang='grc' dir='ltr'><strong><em>αἰνίττεται</em></strong></span> <span class='ocrx_word' id='word_1_266' title='bbox 1147 1747 1233 1789; x_wconf 74' lang='grc' dir='ltr'><strong><em>τοὺς</em></strong></span> <span class='ocrx_word' id='word_1_267' title='bbox 1247 1747 1394 1789; x_wconf 69' lang='grc' dir='ltr'><strong><em>ἱππέας</em></strong></span> <span class='ocrx_word' id='word_1_268' title='bbox 1410 1746 1537 1789; x_wconf 74' lang='grc' dir='ltr'><strong><em>αὖτὸν</em></strong></span> <span class='ocrx_word' id='word_1_269' title='bbox 1550 1747 1642 1790; x_wconf 77' lang='grc' dir='ltr'><strong><em>τοὺς</em></strong></span> 
     </span>
     <span class='ocr_line' id='line_1_29' title="bbox 370 1801 1640 1856; baseline 0.001 -15"><span class='ocrx_word' id='word_1_270' title='bbox 370 1802 572 1852; x_wconf 76' lang='grc' dir='ltr'><strong><em>κειμένους.</em></strong></span> <span class='ocrx_word' id='word_1_271' title='bbox 589 1803 639 1842; x_wconf 84' lang='lat' dir='ltr'>Et</span> <span class='ocrx_word' id='word_1_272' title='bbox 658 1803 791 1856; x_wconf 86' lang='lat' dir='ltr'>paucis</span> <span class='ocrx_word' id='word_1_273' title='bbox 813 1801 1038 1851; x_wconf 70' lang='lat' dir='ltr'>interieffls,</span> <span class='ocrx_word' id='word_1_274' title='bbox 1053 1802 1260 1843; x_wconf 80' lang='grc' dir='ltr'><strong><em>αἰνίττεται</em></strong></span> <span class='ocrx_word' id='word_1_275' title='bbox 1277 1802 1323 1842; x_wconf 58' lang='grc' dir='ltr'>Σὲ</span> <span class='ocrx_word' id='word_1_276' title='bbox 1339 1805 1429 1856; x_wconf 67' lang='grc' dir='ltr'>πρὶς</span> <span class='ocrx_word' id='word_1_277' title='bbox 1444 1802 1640 1842; x_wconf 57' lang='lat' dir='ltr'>Amnestu-</span> 
     </span>
     <span class='ocr_line' id='line_1_30' title="bbox 369 1854 1640 1911; baseline 0.002 -16"><span class='ocrx_word' id='word_1_278' title='bbox 369 1858 522 1907; x_wconf 87' lang='grc' dir='ltr'><strong><em>μονίους.</em></strong></span> <span class='ocrx_word' id='word_1_279' title='bbox 533 1856 641 1897; x_wconf 87' lang='lat' dir='ltr'>Solet</span> <span class='ocrx_word' id='word_1_280' title='bbox 652 1867 780 1896; x_wconf 89' lang='lat' dir='ltr'>tamen</span> <span class='ocrx_word' id='word_1_281' title='bbox 792 1856 923 1909; x_wconf 88' lang='lat' dir='ltr'>potius</span> <span class='ocrx_word' id='word_1_282' title='bbox 933 1854 1154 1896; x_wconf 85' lang='lat' dir='ltr'>accusativo</span> <span class='ocrx_word' id='word_1_283' title='bbox 1169 1855 1248 1896; x_wconf 83' lang='lat' dir='ltr'>fine</span> <span class='ocrx_word' id='word_1_284' title='bbox 1285 1855 1538 1911; x_wconf 85' lang='lat' dir='ltr'>raepofitione</span> <span class='ocrx_word' id='word_1_285' title='bbox 1550 1857 1640 1897; x_wconf 84' lang='lat' dir='ltr'>iun-</span> 
     </span>
     <span class='ocr_line' id='line_1_31' title="bbox 371 1908 1640 1964; baseline 0.002 -15"><span class='ocrx_word' id='word_1_286' title='bbox 371 1911 410 1963; x_wconf 88' lang='lat' dir='ltr'>gi</span> <span class='ocrx_word' id='word_1_287' title='bbox 423 1910 500 1951; x_wconf 94' lang='lat' dir='ltr'>hoc</span> <span class='ocrx_word' id='word_1_288' title='bbox 517 1910 702 1951; x_wconf 82' lang='lat' dir='ltr'>verbum:</span> <span class='ocrx_word' id='word_1_289' title='bbox 725 1911 787 1950; x_wconf 86' lang='lat' dir='ltr'>cui</span> <span class='ocrx_word' id='word_1_290' title='bbox 803 1910 1090 1964; x_wconf 87' lang='lat' dir='ltr'>propemodum</span> <span class='ocrx_word' id='word_1_291' title='bbox 1105 1908 1246 1964; x_wconf 89' lang='lat' dir='ltr'>respon</span> <span class='ocrx_word' id='word_1_292' title='bbox 1270 1919 1309 1951; x_wconf 83' lang='lat' dir='ltr'>et</span> <span class='ocrx_word' id='word_1_293' title='bbox 1321 1911 1500 1951; x_wconf 87' lang='lat' dir='ltr'>Latinum</span> <span class='ocrx_word' id='word_1_294' title='bbox 1519 1911 1640 1951; x_wconf 77' lang='lat' dir='ltr'>innue-</span> 
     </span>
     <span class='ocr_line' id='line_1_32' title="bbox 371 1963 1641 2018; baseline 0.002 -14"><span class='ocrx_word' id='word_1_295' title='bbox 371 1978 427 2004; x_wconf 86' lang='lat' dir='ltr'>re:</span> <span class='ocrx_word' id='word_1_296' title='bbox 452 1977 537 2018; x_wconf 93' lang='lat' dir='ltr'>quo</span> <span class='ocrx_word' id='word_1_297' title='bbox 556 1965 672 2005; x_wconf 86' lang='lat' dir='ltr'>etiam</span> <span class='ocrx_word' id='word_1_298' title='bbox 689 1964 746 2004; x_wconf 88' lang='lat' dir='ltr'>uti</span> <span class='ocrx_word' id='word_1_299' title='bbox 769 1963 902 2004; x_wconf 86' lang='lat' dir='ltr'>malim</span> <span class='ocrx_word' id='word_1_300' title='bbox 923 1963 971 2003; x_wconf 85' lang='lat' dir='ltr'>ad</span> <span class='ocrx_word' id='word_1_301' title='bbox 993 1963 1092 2004; x_wconf 87' lang='lat' dir='ltr'>illius</span> <span class='ocrx_word' id='word_1_302' title='bbox 1113 1964 1491 2018; x_wconf 83' lang='lat' dir='ltr'>interpretationem,</span> <span class='ocrx_word' id='word_1_303' title='bbox 1517 1978 1641 2018; x_wconf 83' lang='lat' dir='ltr'>quam</span> 
     </span>
     <span class='ocr_line' id='line_1_33' title="bbox 371 2016 1643 2072; baseline 0.002 -15"><span class='ocrx_word' id='word_1_304' title='bbox 371 2018 499 2058; x_wconf 89' lang='lat' dir='ltr'>verbo</span> <span class='ocrx_word' id='word_1_305' title='bbox 514 2019 672 2059; x_wconf 76' lang='lat' dir='ltr'>abludere.</span> <span class='ocrx_word' id='word_1_306' title='bbox 686 2017 894 2058; x_wconf 88' lang='lat' dir='ltr'>Addendus</span> <span class='ocrx_word' id='word_1_307' title='bbox 936 2030 1031 2058; x_wconf 81' lang='lat' dir='ltr'>orto</span> <span class='ocrx_word' id='word_1_308' title='bbox 1049 2016 1104 2058; x_wconf 89' lang='lat' dir='ltr'>est</span> <span class='ocrx_word' id='word_1_309' title='bbox 1114 2019 1428 2072; x_wconf 79' lang='lat' dir='ltr'>praecedentibus</span> <span class='ocrx_word' id='word_1_310' title='bbox 1445 2019 1509 2059; x_wconf 87' lang='lat' dir='ltr'>hic</span> <span class='ocrx_word' id='word_1_311' title='bbox 1525 2019 1643 2059; x_wconf 84' lang='lat' dir='ltr'>locus</span> 
     </span>
     <span class='ocr_line' id='line_1_34' title="bbox 371 2071 1643 2127; baseline 0.002 -16"><span class='ocrx_word' id='word_1_312' title='bbox 371 2085 459 2125; x_wconf 86' lang='lat' dir='ltr'>pag.</span> <span class='ocrx_word' id='word_1_313' title='bbox 480 2086 556 2126; x_wconf 84' lang='grc'>339</span> <span class='ocrx_word' id='word_1_314' title='bbox 575 2072 600 2112; x_wconf 90' lang='lat' dir='ltr'>l.</span> <span class='ocrx_word' id='word_1_315' title='bbox 642 2085 691 2119; x_wconf 91' lang='lat' dir='ltr'>o,</span> <span class='ocrx_word' id='word_1_316' title='bbox 708 2072 748 2111; x_wconf 88' lang='lat' dir='ltr'>in</span> <span class='ocrx_word' id='word_1_317' title='bbox 765 2084 851 2125; x_wconf 88' lang='lat' dir='ltr'>quo</span> <span class='ocrx_word' id='word_1_318' title='bbox 871 2084 892 2111; x_wconf 89' lang='lat' dir='ltr'>a</span> <span class='ocrx_word' id='word_1_319' title='bbox 920 2071 1098 2112; x_wconf 84' lang='lat' dir='ltr'>verbium</span> <span class='ocrx_word' id='word_1_320' title='bbox 1119 2071 1301 2124; x_wconf 74' lang='grc' dir='ltr'><strong><em>ἀορίστως</em></strong></span> <span class='ocrx_word' id='word_1_321' title='bbox 1318 2071 1494 2127; x_wconf 86' lang='lat' dir='ltr'>praefigit</span> <span class='ocrx_word' id='word_1_322' title='bbox 1513 2072 1643 2114; x_wconf 83' lang='lat' dir='ltr'>verbo</span> 
     </span>
     <span class='ocr_line' id='line_1_35' title="bbox 371 2125 1642 2178; baseline 0 -12"><span class='ocrx_word' id='word_1_323' title='bbox 371 2125 599 2166; x_wconf 79' lang='grc' dir='ltr'><strong><em>αἰνίττεται.</em></strong></span> <span class='ocrx_word' id='word_1_324' title='bbox 671 2126 758 2166; x_wconf 83' lang='lat' dir='ltr'>ribit</span> <span class='ocrx_word' id='word_1_325' title='bbox 772 2126 896 2175; x_wconf 85' lang='lat' dir='ltr'>enim,</span> <span class='ocrx_word' id='word_1_326' title='bbox 914 2125 1094 2178; x_wconf 76' lang='grc' dir='ltr'><strong><em>ἀορίστως</em></strong></span> <span class='ocrx_word' id='word_1_327' title='bbox 1113 2125 1199 2177; x_wconf 77' lang='grc' dir='ltr'>μὲν,</span> <span class='ocrx_word' id='word_1_328' title='bbox 1216 2126 1269 2166; x_wconf 77' lang='grc' dir='ltr'><strong><em>εἰς</em></strong></span> <span class='ocrx_word' id='word_1_329' title='bbox 1284 2126 1372 2167; x_wconf 83' lang='grc' dir='ltr'><strong><em>τοὺς</em></strong></span> <span class='ocrx_word' id='word_1_330' title='bbox 1393 2126 1642 2178; x_wconf 59' lang='grc' dir='ltr'><strong><em>Λακεὲαιμο-</em></strong></span> 
     </span>
     <span class='ocr_line' id='line_1_36' title="bbox 373 2178 1638 2235; baseline 0 -15"><span class='ocrx_word' id='word_1_331' title='bbox 373 2178 469 2220; x_wconf 82' lang='grc' dir='ltr'><strong><em>νίους</em></strong></span> <span class='ocrx_word' id='word_1_332' title='bbox 486 2178 531 2218; x_wconf 60' lang='lat'>&lt;1⁸2³</span> <span class='ocrx_word' id='word_1_333' title='bbox 550 2178 771 2221; x_wconf 80' lang='grc' dir='ltr'><strong><em>αἰνίττεται.</em></strong></span> <span class='ocrx_word' id='word_1_334' title='bbox 791 2179 870 2220; x_wconf 81' lang='lat' dir='ltr'>Ubi</span> <span class='ocrx_word' id='word_1_335' title='bbox 883 2178 968 2232; x_wconf 88' lang='lat' dir='ltr'>post</span> <span class='ocrx_word' id='word_1_336' title='bbox 982 2179 1159 2231; x_wconf 77' lang='grc' dir='ltr'><strong><em>ἀορίστως</em></strong></span> <span class='ocrx_word' id='word_1_337' title='bbox 1172 2179 1255 2230; x_wconf 78' lang='grc' dir='ltr'>μὲν,</span> <span class='ocrx_word' id='word_1_338' title='bbox 1273 2181 1380 2235; x_wconf 83' lang='lat' dir='ltr'>quod</span> <span class='ocrx_word' id='word_1_339' title='bbox 1394 2179 1505 2222; x_wconf 88' lang='lat' dir='ltr'>sonat</span> <span class='ocrx_word' id='word_1_340' title='bbox 1515 2181 1638 2232; x_wconf 77' lang='lat' dir='ltr'>indefi-</span> 
     </span>
     <span class='ocr_line' id='line_1_37' title="bbox 374 2233 1644 2288; baseline 0.002 -17"><span class='ocrx_word' id='word_1_341' title='bbox 374 2233 443 2272; x_wconf 81' lang='lat' dir='ltr'>nite</span> <span class='ocrx_word' id='word_1_342' title='bbox 471 2234 625 2287; x_wconf 83' lang='lat' dir='ltr'>quidem,</span> <span class='ocrx_word' id='word_1_343' title='bbox 651 2233 950 2274; x_wconf 81' lang='lat' dir='ltr'>subaudiendum</span> <span class='ocrx_word' id='word_1_344' title='bbox 973 2233 1158 2287; x_wconf 85' lang='lat' dir='ltr'>relinquit</span> <span class='ocrx_word' id='word_1_345' title='bbox 1179 2233 1337 2288; x_wconf 87' lang='lat' dir='ltr'>aliquod</span> <span class='ocrx_word' id='word_1_346' title='bbox 1358 2234 1543 2275; x_wconf 87' lang='lat' dir='ltr'>verbum:</span> <span class='ocrx_word' id='word_1_347' title='bbox 1570 2233 1644 2275; x_wconf 82' lang='lat' dir='ltr'>nifi</span> 
     </span>
     <span class='ocr_line' id='line_1_38' title="bbox 374 2285 1647 2340; baseline 0.002 -14"><span class='ocrx_word' id='word_1_348' title='bbox 374 2285 476 2327; x_wconf 89' lang='lat' dir='ltr'>forte</span> <span class='ocrx_word' id='word_1_349' title='bbox 495 2287 645 2327; x_wconf 86' lang='lat' dir='ltr'>incuria</span> <span class='ocrx_word' id='word_1_350' title='bbox 662 2287 806 2327; x_wconf 85' lang='lat' dir='ltr'>librarii</span> <span class='ocrx_word' id='word_1_351' title='bbox 831 2288 964 2340; x_wconf 87' lang='lat' dir='ltr'>potius</span> <span class='ocrx_word' id='word_1_352' title='bbox 987 2285 1188 2328; x_wconf 82' lang='lat' dir='ltr'>defiderari</span> <span class='ocrx_word' id='word_1_353' title='bbox 1206 2288 1438 2329; x_wconf 83' lang='lat' dir='ltr'>credendum</span> <span class='ocrx_word' id='word_1_354' title='bbox 1461 2289 1528 2329; x_wconf 90' lang='lat' dir='ltr'>est.</span> <span class='ocrx_word' id='word_1_355' title='bbox 1551 2288 1647 2329; x_wconf 85' lang='lat' dir='ltr'>Hoc</span> 
     </span>
     <span class='ocr_line' id='line_1_39' title="bbox 375 2340 1646 2396; baseline 0.002 -16"><span class='ocrx_word' id='word_1_356' title='bbox 375 2351 505 2380; x_wconf 89' lang='lat' dir='ltr'>autem</span> <span class='ocrx_word' id='word_1_357' title='bbox 523 2341 689 2381; x_wconf 90' lang='lat' dir='ltr'>verbum</span> <span class='ocrx_word' id='word_1_358' title='bbox 713 2341 831 2382; x_wconf 82' lang='lat' dir='ltr'>fuerit</span> <span class='ocrx_word' id='word_1_359' title='bbox 852 2341 924 2395; x_wconf 92' lang='lat' dir='ltr'>(ut</span> <span class='ocrx_word' id='word_1_360' title='bbox 941 2340 1110 2395; x_wconf 85' lang='lat' dir='ltr'>opinor)</span> <span class='ocrx_word' id='word_1_361' title='bbox 1126 2341 1189 2381; x_wconf 91' lang='lat' dir='ltr'>vel</span> <span class='ocrx_word' id='word_1_362' title='bbox 1204 2341 1314 2396; x_wconf 66' lang='grc' dir='ltr'><strong><em>λέγει</em></strong></span> <span class='ocrx_word' id='word_1_363' title='bbox 1326 2373 1339 2392; x_wconf 90' lang='grc'>,</span> <span class='ocrx_word' id='word_1_364' title='bbox 1354 2343 1419 2383; x_wconf 92' lang='lat' dir='ltr'>vel</span> <span class='ocrx_word' id='word_1_365' title='bbox 1437 2343 1554 2394; x_wconf 72' lang='grc' dir='ltr'><strong><em>φησὶ,</em></strong></span> <span class='ocrx_word' id='word_1_366' title='bbox 1576 2341 1646 2383; x_wconf 77' lang='lat' dir='ltr'>vel</span> 
     </span>
     <span class='ocr_line' id='line_1_40' title="bbox 376 2393 1645 2450; baseline 0.003 -17"><span class='ocrx_word' id='word_1_367' title='bbox 376 2394 480 2434; x_wconf 81' lang='lat' dir='ltr'>aliud</span> <span class='ocrx_word' id='word_1_368' title='bbox 502 2393 726 2435; x_wconf 86' lang='lat' dir='ltr'>huiusmodi.</span> <span class='ocrx_word' id='word_1_369' title='bbox 751 2409 838 2435; x_wconf 86' lang='lat' dir='ltr'>nam</span> <span class='ocrx_word' id='word_1_370' title='bbox 861 2395 1024 2448; x_wconf 86' lang='lat' dir='ltr'>quinon</span> <span class='ocrx_word' id='word_1_371' title='bbox 1044 2394 1131 2435; x_wconf 91' lang='lat' dir='ltr'>vult</span> <span class='ocrx_word' id='word_1_372' title='bbox 1149 2406 1279 2449; x_wconf 86' lang='lat' dir='ltr'>aperte</span> <span class='ocrx_word' id='word_1_373' title='bbox 1301 2396 1516 2445; x_wconf 81' lang='lat' dir='ltr'>declarare,</span> <span class='ocrx_word' id='word_1_374' title='bbox 1534 2396 1645 2450; x_wconf 83' lang='lat' dir='ltr'>quod</span> 
     </span>
     <span class='ocr_line' id='line_1_41' title="bbox 376 2446 1645 2511; baseline 0.002 -24"><span class='ocrx_word' id='word_1_375' title='bbox 376 2446 489 2488; x_wconf 85' lang='lat' dir='ltr'>sentit</span> <span class='ocrx_word' id='word_1_376' title='bbox 499 2478 513 2495; x_wconf 92' lang='lat'>‚</span> <span class='ocrx_word' id='word_1_377' title='bbox 533 2447 595 2488; x_wconf 90' lang='lat' dir='ltr'>sed</span> <span class='ocrx_word' id='word_1_378' title='bbox 609 2459 759 2489; x_wconf 87' lang='lat' dir='ltr'>tantum</span> <span class='ocrx_word' id='word_1_379' title='bbox 774 2449 1037 2496; x_wconf 61' lang='grc' dir='ltr'><strong><em>αἰνίττεσθαι,</em></strong></span> <span class='ocrx_word' id='word_1_380' title='bbox 1057 2449 1088 2489; x_wconf 86' lang='lat' dir='ltr'>is</span> <span class='ocrx_word' id='word_1_381' title='bbox 1104 2448 1302 2491; x_wconf 84' lang='lat' dir='ltr'>indefinite</span> <span class='ocrx_word' id='word_1_382' title='bbox 1316 2450 1504 2511; x_wconf 63' lang='lat' dir='ltr'>loguitun</span> <span class='ocrx_word' id='word_1_383' title='bbox 1519 2462 1645 2504; x_wconf 74' lang='lat' dir='ltr'>genus</span> 
     </span>
     <span class='ocr_line' id='line_1_42' title="bbox 377 2500 1644 2561; baseline 0.002 -21"><span class='ocrx_word' id='word_1_384' title='bbox 377 2513 461 2561; x_wconf 58' lang='lat' dir='ltr'>nogl</span> <span class='ocrx_word' id='word_1_385' title='bbox 480 2500 645 2556; x_wconf 88' lang='lat' dir='ltr'>speciem</span> <span class='ocrx_word' id='word_1_386' title='bbox 670 2501 904 2556; x_wconf 85' lang='lat' dir='ltr'>proponens.</span> <span class='ocrx_word' id='word_1_387' title='bbox 919 2501 1089 2543; x_wconf 79' lang='lat' dir='ltr'>Fortaffe</span> <span class='ocrx_word' id='word_1_388' title='bbox 1104 2513 1233 2543; x_wconf 90' lang='lat' dir='ltr'>autem</span> <span class='ocrx_word' id='word_1_389' title='bbox 1253 2504 1294 2544; x_wconf 76' lang='grc' dir='ltr'>δι</span> <span class='ocrx_word' id='word_1_390' title='bbox 1309 2519 1424 2545; x_wconf 86' lang='grc' dir='ltr'><strong><em>τουτο</em></strong></span> <span class='ocrx_word' id='word_1_391' title='bbox 1448 2504 1562 2557; x_wconf 70' lang='grc' dir='ltr'><strong><em>λέγει</em></strong></span> <span class='ocrx_word' id='word_1_392' title='bbox 1577 2503 1644 2543; x_wconf 85' lang='lat' dir='ltr'>vel</span> 
     </span>
    </p>
   </div>
   <div class='ocr_carea' id='block_1_3' title="bbox 377 2555 1690 2628">
    <p class='ocr_par' dir='ltr' id='par_1_4' title="bbox 377 2555 1690 2628">
     <span class='ocr_line' id='line_1_43' title="bbox 377 2555 1690 2628; baseline 0.005 -31"><span class='ocrx_word' id='word_1_393' title='bbox 377 2569 489 2597; x_wconf 82' lang='grc' dir='ltr'><strong><em>τουτο</em></strong></span> <span class='ocrx_word' id='word_1_394' title='bbox 499 2556 592 2610; x_wconf 71' lang='grc' dir='ltr'>φησὶ</span> <span class='ocrx_word' id='word_1_395' title='bbox 603 2556 736 2599; x_wconf 84' lang='lat' dir='ltr'>locum</span> <span class='ocrx_word' id='word_1_396' title='bbox 747 2557 809 2600; x_wconf 90' lang='lat' dir='ltr'>hic</span> <span class='ocrx_word' id='word_1_397' title='bbox 820 2557 994 2600; x_wconf 81' lang='lat' dir='ltr'>haberet.</span> <span class='ocrx_word' id='word_1_398' title='bbox 1002 2556 1066 2600; x_wconf 82' lang='lat' dir='ltr'>Ne</span> <span class='ocrx_word' id='word_1_399' title='bbox 1075 2555 1155 2601; x_wconf 86' lang='lat' dir='ltr'>hoc</span> <span class='ocrx_word' id='word_1_400' title='bbox 1164 2556 1316 2613; x_wconf 77' lang='lat' dir='ltr'>quidem</span> <span class='ocrx_word' id='word_1_401' title='bbox 1329 2557 1383 2603; x_wconf 83' lang='lat' dir='ltr'>est</span> <span class='ocrx_word' id='word_1_402' title='bbox 1395 2568 1645 2615; x_wconf 52' lang='lat' dir='ltr'>praetereuaf</span> <span class='ocrx_word' id='word_1_403' title='bbox 1688 2595 1690 2628; x_wconf 49' lang='lat'>{</span> 
     </span>
    </p>
   </div>
  </div>
 </body>
</html>
