1690 3120
307 252 370 298 24
597 235 1279 294 H.„sTEPHAN1

302 324 340 364 id
356 324 410 365 est
424 324 627 373 certamina,
649 325 696 380 (fi
712 327 878 367 verbum
893 329 1018 370 verbo
1034 329 1229 384 reddatur)
1246 328 1431 383 appellati
1443 327 1575 370 viden·

303 388 368 419 tur
392 380 557 427 rationes,
577 395 661 433 quae
672 383 924 433 firmamentum
946 383 982 421 δ’
1008 386 1106 423 robur
1128 385 1251 436 causae
1274 384 1443 439 efficiunt,
1464 383 1574 437 quafi

300 434 521 486 praecipuum
524 435 578 491 fit
591 435 727 475 illarum
737 448 913 476 certamen.
928 435 1001 476 Sed
1015 450 1100 491 pag.
1141 452 1190 491 34
1205 437 1228 478 l.
1237 451 1299 488 17,
1313 437 1399 491 post
1414 437 1575 478 ἐντεῦθεν

302 485 337 525 οἱ
355 486 520 540 ἀγῶνες,
544 487 727 541 legimus5
748 490 811 529 καὶ
829 491 872 528 τὶ
890 489 1054 530 ὃίκοιιον.
1082 452 1148 532 ulii
1169 491 1336 545 aliquam
1358 491 1572 532 verborum

301 539 452 594 ellipsin
466 540 542 582 effe
556 540 733 595 suspicor.
748 542 970 583 Occurrent
985 545 1025 584 in
1039 544 1167 586 iisdem
1185 546 1224 585 in
1241 545 1387 586 easdem
1411 546 1572 586 concio-

302 606 372 634 nes
385 593 539 636 scholiis
558 596 598 635 &
612 597 734 637 verba
754 596 841 642 ista,
858 596 887 636 oi
903 597 1077 650 ἐπίλογοι
1091 597 1267 639 ἐντεῦθεν·
1282 609 1328 639 ut
1346 611 1433 653 pag.
1452 613 1529 653 324
1546 599 1572 640 l.

305 662 325 702 3
336 661 372 701 5,
384 649 427 690 δι.
451 663 526 703 327
546 649 570 689 l.
591 664 655 698 22,
669 650 710 690 δι
727 651 838 704 3361.
858 650 918 690 18.
936 651 1070 692 Mirari
1081 664 1209 693 autem
1225 654 1312 706 quis
1325 653 1453 706 poffit,
1465 653 1573 693 illum

300 702 439 757 plurali
452 716 618 744 numero
631 705 705 752 uti,
725 717 769 744 ac
780 717 860 744 non
873 706 1002 758 potius
1016 706 1196 759 ἐπίλογος
1209 707 1355 748 dicere:
1373 706 1435 747 sed
1449 706 1574 747 ἑπιλό.

301 769 399 810 γους
418 757 596 797 dixerunt
615 758 655 798 δι
674 759 829 812 quidam
850 759 923 799 alii.
938 760 1072 814 Atque
1092 762 1189 801 adeo
1207 761 1345 801 auctor
1363 761 1574 802 rhetorices

300 810 350 850 ad
366 810 608 851 Herennium
619 842 634 859 ,
651 814 876 865 conclustones
886 842 898 861 ‚
914 813 1060 868 inquit,
1078 829 1163 868 quae
1173 816 1271 868 apud
1283 817 1435 855 Graecos
1448 815 1572 854 ἔπίλο.

301 877 371 917 ‘yoe
391 865 628 915 nominantur,
652 867 841 918 tripartitae
854 867 951 919 fitnt.
969 884 1049 908 nam
1067 871 1220 921 constant
1242 884 1286 908 ex
1303 869 1572 916 enumeratione3

301 919 567 972 amplificatione
579 951 592 970 ,
607 921 643 959 δ’
663 921 955 973 commiseratione.
971 923 1120 962 Verum
1141 924 1182 962 in
1202 922 1262 962 his
1283 921 1443 976 epilogis
1459 922 1573 963 huius

299 971 522 1014 scholiastae
542 974 637 1014 haec
661 976 796 1014 omnia
817 975 977 1016 minime
998 989 1092 1017 vera
1117 977 1424 1031 comperientur:
1442 976 1572 1017 minus

300 1026 417 1066 etiam
428 1026 492 1074 id,
510 1028 618 1082 quod
632 1028 754 1076 addit,
773 1042 845 1069 nos
866 1029 972 1082 poffe
986 1042 1155 1084 quatuor
1170 1031 1208 1071 in
1219 1030 1316 1072 locis
1333 1031 1391 1070 uti
1410 1030 1572 1071 conclu-

298 1078 488 1122 fionibus:
506 1082 546 1121 in
559 1082 762 1136 principio,
779 1082 988 1124 secundum
1002 1086 1276 1134 narrationem,
1290 1083 1495 1125 secundum
1509 1083 1572 1124 fir-

299 1133 500 1175 miffimam
522 1137 892 1190 argumentationem
905 1168 917 1186 ‚
936 1138 975 1177 in
994 1138 1254 1179 conclusione.
1270 1137 1452 1191 Quartus
1467 1139 1571 1179 enim

299 1187 363 1229 hic
384 1189 515 1234 locus,
537 1203 568 1230 ts
584 1191 714 1243 potius
735 1190 813 1238 est,
828 1204 877 1231 ex
899 1204 982 1243 quo
1005 1191 1068 1232 hic
1091 1191 1304 1233 scholiastes
1323 1191 1414 1232 suos
1441 1191 1571 1232 ἔπιλό-
1631 1193 1638 1197 ”

300 1256 395 1296 γους
408 1243 520 1283 nobis
532 1243 628 1284 solet
641 1245 878 1298 depromere.
889 1245 1030 1286 Obiter
1041 1256 1172 1286 autem
1186 1245 1569 1286 animadvertendum

299 1295 379 1343 est,
400 1297 507 1351 poffe
520 1298 596 1339 boc
612 1298 831 1340 duriuscule
844 1299 987 1340 dictum
998 1299 1119 1341 videri
1129 1331 1142 1351 ‚
1160 1313 1237 1342 nos
1253 1299 1571 1341 conclusionibus

298 1350 340 1391 in
354 1351 602 1392 conclusione
615 1353 686 1393 uti.

353 1403 459 1445 Idem
483 1407 694 1448 conciones
713 1405 921 1449 ἀντιθέτους
939 1418 1086 1448 vocare
1100 1406 1270 1455 videtur,
1291 1420 1355 1448 eas
1376 1419 1476 1461 quae
1495 1420 1569 1461 po-

298 1457 375 1499 tius
388 1459 631 1515 ἀντιλογικοιὶ
645 1472 852 1508 vocantur,
868 1461 932 1500 vel
950 1461 1225 1515 ἀντιῤῥητικοιί.
1245 1461 1353 1515 quasi
1367 1462 1454 1515 quis
1467 1462 1569 1502 dicat

298 1515 592 1555 contradiaotiae:
604 1513 665 1555 sed
686 1515 818 1569 potius
837 1515 1052 1568 adversarias
1069 1515 1262 1568 appellare
1272 1515 1424 1556 Latinas
1435 1515 1543 1556 iubet
1554 1545 1568 1564 ,

296 1566 398 1607 sicut
426 1568 625 1609 Aeschinis
647 1570 690 1611 &
713 1568 988 1610 Demosthenis
1009 1571 1207 1611 orationes
1231 1567 1468 1611 adversariae
1492 1582 1569 1611 vo-

295 1632 446 1662 cantur.

351 1675 465 1717 Locis
478 1675 629 1731 aliquot
639 1685 819 1718 occurret
832 1676 900 1716 tibi
912 1678 1151 1728 μετάβασις,
1167 1676 1311 1717 alicubi
1324 1677 1367 1718 δι
1380 1676 1568 1730 παρέκβα-

297 1742 373 1769 σις·
388 1740 432 1770 ut
457 1743 544 1784 pag.
563 1730 638 1785 308
660 1731 684 1770 1.
709 1745 782 1777 22,
800 1728 930 1770 ταῦτα
944 1730 990 1770 ἑὲ
1005 1731 1041 1771 ἐν
1063 1730 1298 1784 παραβάσει
1322 1729 1480 1784 εἴρηται.
1503 1731 1566 1773 Sic

295 1783 416 1823 etiam
432 1797 515 1837 pag.
531 1787 602 1839 363
621 1785 666 1824 ad
682 1785 779 1826 hanc
790 1784 1036 1837 Thucydidis
1045 1786 1306 1825 narrationem
1317 1815 1332 1832 ,
1349 1784 1473 1835 ⁷03st
1488 1789 1567 1827 Mn-

295 1835 444 1888 ιῬισ-μοῦ
452 1837 518 1878 τοῦ
530 1838 744 1879 Παυσανίου
753 1838 1055 1888 Λακεέοιιμόνιοι,
1067 1840 1241 1891 πρέσβεις
1250 1838 1478 1890 πέμψαντες
1488 1854 1567 1879 ποι-

295 1891 343 1944 ρέι
357 1892 446 1932 τοὺς
459 1892 679 1940 Ἀθηναίους,
692 1891 967 1944 ξυνεπῃτιόντο
982 1892 1048 1933 καὶ
1061 1895 1125 1933 τὶν
1138 1893 1403 1943 Θεμιστοκλέα
1414 1922 1425 1940 ,
1443 1900 1578 1934 anno-⁷

294 1954 377 1993 tat,
401 1946 493 1986 haec
514 1946 589 1987 effe
607 1947 856 2000 παρέκβασιν,
875 1947 981 2000 quod
999 1945 1204 1987 Pausaniae
1223 1945 1366 1987 factum
1387 1945 1504 2001 (vel,
1528 1947 1565 1988 id

295 2000 404 2051 quod
418 2001 464 2041 de
485 2000 667 2041 Pausania
685 2010 884 2042 narratum
897 2000 969 2054 est)
989 2000 1285 2055 consequantur.
1297 2000 1391 2040 nihil
1401 2001 1504 2041 enim
1517 2002 1564 2042 ad

294 2053 494 2106 piaculum
511 2056 722 2108 pertinere:
744 2054 790 2095 ad
813 2054 1008 2108 piaculum
1019 2085 1033 2102 ‚
1051 2056 1232 2108 inquam,
1251 2055 1299 2095 de
1313 2067 1397 2109 quo
1412 2054 1564 2095 institu-

295 2116 360 2147 tus
376 2119 457 2148 erat
471 2107 607 2150 sermo.
631 2108 694 2148 Est
711 2109 824 2162 igitur
845 2108 906 2148 hic
925 2110 1180 2162 παρέκβασις,
1202 2108 1308 2163 quod
1320 2121 1343 2148 a
1355 2109 1497 2149 Latinis
1510 2109 1565 2149 di-

290 2161 408 2214 gnffio
431 2163 593 2203 dicitur:
617 2175 639 2202 a
659 2163 851 2203 Cicerone
872 2176 960 2203 cum
976 2163 1214 2210 adiectione,
1235 2163 1386 2218 dignffio
1402 2180 1426 2203 a
1435 2178 1564 2218 propo-

283 2216 356 2267 fito
366 2246 381 2262 ,
401 2216 465 2256 vel
479 2218 629 2269 digreffio
641 2218 684 2256 ab
699 2217 848 2257 oratione
855 2220 1046 2278 propofita.

349 2268 404 2309 At
415 2270 634 2320 μετάβασις
656 2283 737 2311 non
757 2270 811 2311 est
830 2270 1014 2311 eiusmodi
1029 2272 1204 2325 digreffio‚
1224 2282 1326 2325 quae
1345 2269 1563 2311 intermittit

293 2331 445 2363 tantum
457 2324 496 2364 &
510 2325 618 2366 velut
630 2323 842 2378 suspensam
855 2325 1073 2366 orationem
1083 2338 1157 2380 pro
1187 2324 1326 2365 ofitam
1338 2324 1402 2365 vel
1414 2323 1563 2378 suspen-

292 2375 378 2416 sum
400 2377 613 2418 sermonem
633 2378 874 2432 propositum
896 2380 1097 2433 relinquit,
1115 2339 1245 2419 seges}
1266 2378 1397 2433 potius
1408 2379 1563 2431 tranfitio

292 2446 318 2470 a
326 2431 478 2483 sermone
499 2447 568 2471 uno
578 2463 592 2480 ,
616 2434 672 2472 cui
680 2433 770 2483 finis
790 2434 963 2493 impositus
985 2436 1053 2488 est,
1079 2434 1130 2472 aii
1147 2433 1263 2473 afium.
1286 2432 1347 2473 Sic
1370 2444 1459 2486 pag.
1483 2431 1560 2486 389

290 2485 423 2528 verbis
448 2485 566 2535 hisce,
585 2482 651 2525 τοῦ
668 2485 708 2525 5⁰
732 2482 848 2527 αὐτου
869 2490 994 2539 δέρους
1016 2488 1091 2528 &c.
1109 2485 1280 2541 apposita
1304 2485 1360 2526 est
1381 2499 1465 2526 vox
1489 2485 1559 2528 ista

285 2539 518 2594 μετάβασις.
532 2539 744 2596 Itidemque
758 2553 843 2597 pag.
862 2541 956 2593 426,
969 2542 1008 2583 in
1023 2540 1118 2584 haec
1128 2540 1271 2592 verba,
1286 2541 1340 2584 'En
1357 2538 1404 2582 «ἢ
1418 2539 1476 2591 τᾷ
1487 2535 1559 2583 εὖ·
