1690 3120
314 224 383 285 48
522 215 1401 274 A'NNOTA‘TIONES

317 324 403 351 non
419 310 593 356 aliunde,
615 324 734 365 quam
748 322 798 352 ex
813 323 884 357 eo,
903 311 949 352 de
969 324 1050 366 quo
1073 312 1212 366 agitur,
1234 312 1339 353 istius
1359 313 1596 354 enarratoris

318 365 434 411 loco,
451 366 494 405 δι
518 378 569 405 ex
591 366 726 406 Suida:
747 365 814 418 qui
827 365 981 405 fortaffe
1000 365 1090 406 hinc
1107 366 1226 414 istud,
1242 366 1340 407 sicut
1360 366 1431 407 alia
1449 367 1595 416 multa,

268 437 272 446 ·
317 418 375 459 est
389 430 596 459 mutuatus.
611 419 752 460 Fateor
764 431 893 459 autem
906 450 919 466 ,
936 432 999 460 me
1020 420 1073 460 ibi
1084 419 1307 462 existimafle
1323 421 1402 461 alio
1420 422 1460 461 in
1478 421 1596 462 huius

277 492 279 495 ·
318 473 507 513 vocabuli
521 473 761 526 etymologia
775 472 928 526 respici:
948 471 1011 514 sed
1022 474 1204 514 credibile
1211 473 1289 523 est,
1299 474 1483 529 θειοτέροις
1491 488 1598 529 φρον-

319 526 442 567 visae
455 525 531 567 effe
543 527 765 579 σοφωτέροις.
778 526 933 567 STEPH.

381 584 458 620 ead.
474 581 497 620 l.
513 595 574 635 37.
594 582 649 622 Ἐν
668 578 814 621 τούτοις
835 581 939 635 &c.)
957 580 1182 635 Utrumque
1201 582 1341 622 horum
1362 581 1437 623 effe
1454 595 1597 624 verum

318 647 403 675 non
418 634 566 689 potest,
585 634 664 675 τοῖς
683 648 756 688 pro
775 634 923 675 τούτοις
940 635 1095 689 po'e'tice
1137 637 1226 683 oni,
1251 636 1295 677 δι.
1313 636 1455 676 dicium
1469 635 1544 678 este
1561 637 1597 678 ἐν

317 688 405 729 τοῖς
419 689 556 742 πρῶτοι
570 688 615 729 a}
626 719 638 738 ‚
653 701 727 743 pro
742 689 778 729 ἐν
794 687 926 728 τοῖο-νὴ
946 705 980 730 ον
999 687 1098 729 ὦτοι.
1151 702 1214 730 am
1227 687 1256 729 fi
1269 690 1305 730 ei
1315 689 1410 730 fides
1426 690 1598 732 habenda

318 741 379 783 est
389 743 436 783 de
444 755 522 790 eo,
597 743 647 783 od
667 741 818 789 scribit,
834 705 1064 796 particuiam
1078 741 1125 782 st
1141 743 1221 784 hoc
1240 743 1334 784 loco
1349 740 1598 797 ὑπερβοβίιζε-

321 803 442 843 σθαι,
460 796 497 836 id
514 756 709 837 eiiutraiici
721 828 734 844 ,
756 810 1001 850 nequaquam
1013 797 1158 850 poterit
1169 797 1248 837 τοῖς
1258 798 1368 838 usum
1382 797 1489 838 ilium
1503 801 1599 852 poe-

320 851 445 891 ticum
465 851 617 891 habere.
644 850 707 890 Ad
729 851 927 891 vitandam
953 851 1068 904 igitur
1091 851 1193 890 hanc
1214 852 1531 906 repugnantiam,
1547 865 1598 892 eo

316 904 626 958 confugiendum
648 903 723 944 ess'e
736 915 917 958 putarem
930 935 940 953 ‚
958 916 1005 945 ut
1025 905 1104 945 duo
1118 918 1141 944 a
1157 905 1311 946 duobus
1325 916 1510 946 annotata
1523 905 1600 948 effe

320 959 540 999 diceremus
550 989 562 1007 ,
581 958 611 998 fi
624 959 778 1012 quidem
791 958 973 1013 scriptum
983 958 1076 999 effet
1085 989 1100 1006 ,
1117 955 1409 1014 ὖτνερβιβᾶιζετοιι
1424 958 1503 999 ὃιΓὲ
1516 959 1600 999 abs·

321 1025 404 1066 que
423 1012 615 1067 particula
637 1012 728 1067 γάρ.
741 1011 798 1052 At
816 1013 913 1053 haec
936 1013 1122 1066 particuia
1138 1012 1283 1062 obstat,
1301 1026 1351 1054 ne
1366 1013 1459 1054 illud
1471 1013 1600 1054 dicere

320 1079 515 1120 queamus
526 1097 539 1113 ,
558 1079 649 1106 cum
667 1067 859 1106 rat-ionem
873 1067 1023 1113 reddat,
1040 1079 1115 1107 cur
1135 1066 1215 1108 τοῖς
1235 1080 1308 1120 pro
1323 1066 1470 1107 τούτοις
1486 1080 1599 1108 more

322 1121 490 1175 poetico
503 1119 669 1174 positum
679 1119 748 1160 fit:
771 1120 799 1160 fi
813 1132 940 1161 tamen
951 1122 1139 1161 rationem
1150 1121 1306 1162 reddere
1318 1122 1396 1162 hoc
1408 1120 1463 1161 est
1473 1151 1484 1169 ‚
1502 1122 1541 1161 id
1552 1121 1600 1162 ad

323 1176 519 1215 :rationem
531 1175 759 1215 reddendam
781 1173 939 1222 afferre,
956 1176 1065 1228 quod
1078 1177 1144 1229 qui
1166 1176 1279 1224 dicit,
1298 1175 1438 1228 aliquid
1452 1176 1600 1215 rationi

326 1229 487 1269 minime
496 1227 801 1270 consentaneum
815 1229 914 1268 dicit.
931 1229 1032 1269 Nam
1043 1240 1192 1269 tantum
1206 1228 1322 1278 abest,
1342 1240 1385 1270 ut
1398 1242 1450 1270 eo
1461 1260 1473 1278 ‚
1490 1229 1600 1283 quod

328 1282 589 1336 subiungitur,
598 1282 827 1329 adstruatur,
836 1283 945 1336 quod
956 1284 1160 1337 praecedit,
1170 1294 1213 1323 ut
1223 1295 1359 1323 contra
1371 1281 1601 1325 destruatur.

326 1335 366 1377 N
370 1350 430 1377 am
444 1335 473 1376 si
488 1349 628 1377 verum
637 1335 708 1386 est,
727 1337 832 1388 quod
847 1337 1086 1391 subiungitur
1098 1338 1148 1377 ab
1157 1350 1211 1377 eo
1220 1367 1230 1385 ,
1247 1336 1389 1389 (veluti
1401 1347 1527 1377 tamen
1541 1351 1601 1377 ra—

329 1391 478 1431 tionem
502 1389 590 1431 suae
617 1389 869 1444 expositionis
895 1390 1099 1445 reddente)
1123 1391 1249 1431 traiici
1276 1390 1507 1445 particulam
1531 1390 1576 1430 st
1587 1421 1599 1439 ‚

329 1457 432 1498 quae
444 1458 535 1485 cum
549 1443 629 1485 τοῖς
640 1445 852 1485 cohaerere
868 1445 1047 1492 deberet,
1064 1445 1113 1484 ad
1124 1445 1367 1485 efficiendum
1382 1457 1600 1499 pronomen

328 1498 480 1546 τοῖο-ἓξ,
497 1511 578 1539 non
591 1499 718 1539 minus
729 1497 875 1539 solutae
886 1499 1066 1545 orationi,
1081 1512 1198 1553 quam
1214 1500 1387 1547 carmini,
1401 1498 1601 1540 ufitatum:

327 1551 466 1592 falsum
475 1551 554 1602 est,
570 1553 677 1607 quod
691 1553 896 1607 praecedit,
909 1551 985 1593 effe
997 1553 1076 1593 τοῖς
1084 1552 1368 1594 »consuetudine
1380 1554 1535 1607 poetica
1546 1553 1603 1593 di—

328 1607 438 1647 cium
451 1620 525 1661 pro
545 1606 703 1647 τούτοις.
724 1607 908 1648 Ceterum
922 1619 1054 1647 utrum
1074 1607 1214 1648 horum
1227 1607 1277 1647 ad
1290 1607 1493 1649 veritatem
1508 1620 1603 1661 pro-

330 1661 421 1715 pius
432 1661 618 1702 accedere
628 1692 641 1710 ,
659 1659 724 1702 vel
738 1662 869 1715 potius
881 1674 974 1702 vere
988 1661 1129 1701 ditium
1142 1660 1218 1702 effe
1232 1660 1441 1702 existimem
1450 1692 1464 1712 ,
1477 1674 1528 1702 ex
1540 1661 1604 1710 iis,

330 1727 437 1769 quae
458 1715 497 1754 in
517 1725 747 1755 contextum
770 1715 884 1756 huius
906 1714 1077 1756 historici
1098 1716 1311 1765 annotavi,
1336 1715 1464 1756 disces.
1485 1724 1604 1768 atque

331 1782 445 1810 exem
488 1769 518 1809 is
530 1769 582 1809 ibi
597 1767 717 1809 allatis
729 1767 824 1809 istud
839 1768 887 1823 (fi
899 1769 1112 1822 videbitur)
1124 1770 1277 1810 adiicies
1288 1782 1338 1810 ex
1349 1769 1414 1810 lib.
1427 1768 1484 1810 III
1493 1797 1505 1818 ,
1521 1781 1604 1824 cap.

327 1822 385 1862 v81
400 1851 414 1871 ,
463 1825 535 1863 ιότι
558 1822 594 1863 ἓν
619 1823 700 1863 τοῖς
721 1824 847 1877 πρώτη
871 1823 1034 1878 ἐγένετο.
1051 1824 1181 1863 Libuit
1203 1823 1282 1864 hoc
1304 1834 1513 1869 annotare,
1538 1834 1606 1871 ut,

334 1889 455 1931 quam
465 1887 582 1917 caure
593 1876 753 1930 legenda
765 1878 950 1930 quaedam
964 1877 1004 1917 in
1018 1878 1075 1918 his
1086 1876 1238 1918 scholiis
1250 1876 1380 1928 efferit,
1387 1890 1439 1918 ex
1449 1890 1500 1918 eo
1511 1890 1613 1943 quo·¹
1674 1915 1680 1924 ,

333 1944 415 1986 que
427 1931 710 1971 documentum
721 1931 865 1971 darem.
878 1931 1030 1972 STEPH.

393 1985 484 2036 Pag.
498 1985 586 2039 308.
601 1986 626 2023 l.
649 1998 682 2024 1.
698 1984 869 2039 Τρυφηλᾷ
883 1987 974 2034 καὶ)
991 1986 1067 2026 Pro
1081 1983 1269 2039 τρυφηλᾷ,
1285 1985 1380 2039 quin
1393 1984 1459 2026 vel
1476 1998 1608 2038 ηυφη-

334 2037 402 2090 λῇ,
417 2039 483 2079 vel
495 2036 674 2091 τρυφερᾷ,
690 2037 928 2079 scribendum
943 2038 1015 2086 fit,
1032 2039 1187 2079 minime
1204 2038 1350 2079 dubito.
1363 2037 1463 2079 Illud
1477 2049 1609 2080 autem

338 2091 484 2146 ἂνθηρᾷ,
497 2092 605 2147 quod
617 2093 652 2132 ei
666 2092 896 2139 anneffitur,
909 2106 1042 2147 parum
1055 2104 1144 2146 apte
1156 2092 1238 2146 περὶ
1249 2091 1315 2134 τῆς
1330 2092 1609 2146 bethacon&

338 2147 494 2200 quidem
518 2145 679 2200 iudicio)
700 2147 856 2186 dicitur:
875 2158 914 2186 at
936 2159 1035 2187 vero
1058 2147 1105 2187 de
1129 2145 1234 2187 veste
1254 2159 1420 2194 eorum,
1434 2158 1608 2201 quorum

336 2199 395 2240 est
413 2199 475 2240 illa
487 2199 650 2264 »tfuonnh
661 2230 675 2246 ‚
687 2197 770 2240 ssve
787 2202 946 2254 τρυφερὰ
960 2199 1097 2241 siacum
1108 2231 1121 2250 ,
1140 2200 1213 2240 dici
1228 2199 1382 2241 fortass‘e
1396 2199 1519 2254 poss'et
1530 2230 1545 2248 ,
1564 2211 1610 2240 ut

339 2253 483 2294 dicitur
498 2253 616 2295 ανθινῆ
632 2253 766 2300 ἐσθὴς,
777 2253 818 2294 δι
830 2253 943 2295 &venii
957 2252 1090 2296 στολή.
1101 2254 1286 2295 Ceterum
1299 2255 1347 2295 de
1358 2255 1435 2295 hoc
1447 2266 1610 2309 quoque

340 2308 536 2358 monebo,
561 2306 727 2348 debuiffe
747 2308 853 2348 hunc
875 2318 1139 2349 enarratorem
1160 2320 1303 2349 vocem
1330 2307 1492 2361 ἀνειμένῳ
1501 2334 1515 2354 ,
1539 2309 1612 2348 alia

343 2374 462 2416 quam
477 2361 542 2402 illa
556 2361 736 2416 τρυφηλξῐ,
748 2361 813 2415 (ut
825 2360 1065 2403 scribendum
1079 2361 1155 2403 ess'e
1168 2362 1244 2402 dixi
1261 2374 1334 2417 pro
1351 2360 1543 2415 τρυφηλᾷ)
1563 2361 1611 2401 si·

341 2428 397 2458 ve
421 2415 603 2510 τρυφὲρᾷ,
621 2428 840 2470 exponere,
860 2428 950 2457 cum
974 2418 1150 2470 proxime
1166 2415 1346 2471 sequatur
1369 2417 1407 2456 ἐς
1419 2419 1464 2455 τὶ
1480 2429 1612 2470 τρυφι.

365 2470 436 2510 ὥτε
455 2484 505 2510 ον.
545 2480 671 2510 τεΡΗ.

343 2486 362 2525 p
396 2486 469 2564 caii.
483 2524 507 2567 l.
526 2537 556 2578 5.
570 2522 841 2579 Πρεσβυτέρων.
857 2519 950 2578 ὑπὲρ
964 2523 1059 2579 διε.)
1071 2523 1210 2580 Neque
1223 2519 1372 2572 neceffe
1385 2523 1552 2573 videtur,
1564 2530 1609 2564 ut
