1690 3120
360 241 418 289 50
559 221 1437 271 ANNOTATIONES

350 324 432 352 rem
445 341 456 361 ,
476 323 527 350 ex
538 325 578 350 ου
591 325 713 350 'tauro
729 310 875 352 faciens
888 319 986 350 ουτω
1003 325 1109 351 auro.
1128 314 1323 362 Homerus,
1336 311 1487 365 inquit,
1505 309 1628 355 ἔλαιόν

351 367 436 405 dicit
448 365 551 404 λίποι
560 381 619 419 per
631 366 832 419 epithetum:
851 378 891 404 at
903 366 958 405 hic
976 366 1027 404 ita
1039 366 1150 419 ipficm
1163 367 1324 421 appellat.
1343 365 1411 405 Illa
1427 376 1555 406 autem
1573 366 1627 406 al·

352 429 434 459 tera
447 418 583 472 (quam
598 419 815 459 mendosam
831 419 905 459 effe
918 419 1134 473 contendo)
1147 419 1276 469 lectio,
1291 420 1422 467 sonat,
1437 433 1477 459 at
1489 421 1545 458 hic
1556 435 1626 460 non

351 473 436 512 idem
451 473 611 524 appellat.
631 473 817 514 Ceterum
831 485 923 512 cum
947 473 1036 512 dicit
1054 473 1283 521 ἑπιθετικῶς,
1303 473 1430 527 (quod
1451 474 1551 514 verti
1562 489 1628 527 per

351 527 551 579 epithetum)
577 527 751 580 intelligit
762 557 776 574 ,
798 528 1018 566 Homerum
1040 528 1193 567 nomini
1217 525 1339 567 ’ἔλαιον
1362 539 1506 567 vocem
1521 526 1626 570 inam

352 581 454 620 λίποι
469 580 693 633 adiungere,
711 581 774 620 seu
788 580 994 627 associare,
1008 588 1189 634 tanquam
1202 582 1424 633 epithetum.
1441 580 1628 634 Exempla

352 633 440 674 sunt
459 635 559 689 apud
580 636 799 674 Homerum
822 647 904 674 non
919 633 1187 687 infrequentia.
1203 635 1315 688 saepe
1328 635 1429 674 enim
1452 635 1628 675 occurrit

353 689 441 727 λίπ’
454 689 576 738 ἐλαίῳ·
593 699 638 728 ut
646 688 754 728 Iliad.
770 688 815 735 κ’,
829 689 870 726 in
884 686 961 727 fine
972 718 983 737 ,
1001 687 1057 725 Τὼ
1069 688 1095 727 s
1099 688 1114 727 ὲ
1127 689 1364 738 λοεσσαμένω
1378 688 1443 727 καὶ
1455 687 1628 740 ἀλειψα-

350 744 449 795 μένω
461 743 544 782 λίπ’
556 743 683 789 ἐλαίῳ.
698 742 847 782 Deliae
859 753 987 781 autem
1006 740 1210 796 scriptura,
1227 744 1325 782 λίποι
1341 744 1447 794 μετὰ
1465 741 1533 782 τοῦ
1553 756 1628 796 ‘yv-

349 797 567 848 μνίιζεσὲὰοιι
583 793 795 846 ἠλείψαντο
805 827 816 844 ,
831 794 938 835 nulla
953 795 1067 835 nobis
1079 797 1268 835 dubitatio
1281 796 1522 849 relinquitur,
1534 808 1626 836 cum

354 850 397 890 &
408 850 514 904 apud
525 849 765 903 Dionyfium
778 849 901 890 Halic.
916 862 1001 889 eam
1014 849 1234 890 habeamus.
1246 850 1401 890 STEPH.
1412 849 1476 890 Est
1486 863 1537 890 ex
1550 850 1627 891 hoc

352 903 447 944 loco
469 904 509 943 in
525 903 724 956 Dionysio
746 903 828 956 περὶ
848 901 915 943 ’τοῦ
935 902 1168 943 Θουκυὲίὸου
1187 902 1427 958 χαρακτῆρος
1444 917 1518 958 pag
1540 916 1625 955 145.
1686 940 1690 954 ζ

353 958 488 998 Verba
503 957 735 998 Scholiastae
755 969 941 1011 corrupta
962 956 1052 1007 effe,
1073 957 1174 998 recte
1188 957 1455 998 animadvertit
1466 957 1628 1012 Stepha·
1688 972 1690 978 ·

353 1023 439 1052 nus,
455 1012 500 1052 In
516 1011 616 1051 Cass.
634 1010 688 1052 est
700 1006 807 1052 οὗτος
822 1010 866 1050 ἑὲ
881 1012 995 1051 ’όντως
1008 1007 1101 1051 αὐτὶ
1117 1012 1295 1063 ὀνομάζει.
1657 1041 1665 1054 „
1686 1010 1687 1013 ’

407 1066 489 1105 ibid.
504 1063 597 1104 ’Am
611 1066 823 1118 Ὀρσίοι-που
838 1064 1059 1119 Μεγαρέως)
1079 1065 1143 1105 Ab
1156 1065 1330 1119 Orsippo
1344 1064 1478 1118 (quem
1491 1064 1628 1106 viflod

353 1132 435 1159 rem
454 1130 735 1160 commemorat
756 1118 954 1159 Pausanias
971 1120 1150 1178 extremis
1170 1119 1335 1168 Atticis,
1358 1119 1464 1172 quod
1488 1120 1627 1172 cingu-

353 1172 433 1213 lum
451 1173 624 1213 decidere
635 1172 745 1220 sivit,
761 1183 805 1213 ut
818 1173 1029 1226 expeditius
1044 1184 1233 1213 curreret:
1252 1172 1316 1212 alii
1333 1182 1462 1213 autem
1479 1174 1627 1215 viuum

354 1228 487 1268 dicunt
506 1227 560 1266 ob
581 1226 776 1281 delapsum
798 1226 892 1267 subli
921 1227 1101 1281 aculum)
1125 1227 1288 1281 primum
1304 1226 1526 1267 Acanthum
1550 1240 1628 1268 nu·
1687 1254 1690 1256 -

353 1281 448 1321 dum
471 1280 681 1321 cucurrisse
701 1280 884 1321 testantur
895 1239 1119 1333 {)ionyfius
1142 1281 1266 1321 Halic.
1280 1280 1450 1326 lib.vn‚
1471 1280 1624 1334 aliique.
1687 1310 1690 1315 ·

352 1333 451 1375 Illud
465 1346 594 1375 autem
615 1335 900 1375 admonendum
915 1334 991 1383 est,
1013 1335 1162 1388 aliquos
1175 1334 1386 1388 Orsippum
1409 1332 1521 1374 istum
1545 1347 1628 1378 non
1685 1346 1690 1361 ‘=

352 1389 423 1429 Me
450 1388 618 1429 arensem
630 1418 644 1436 ,
662 1402 753 1429 cum
769 1387 978 1428 Scholiaste
995 1389 1145 1436 dicere,
1165 1387 1227 1428 sed
1250 1389 1628 1436 Lacedaemonium,
1682 1394 1690 1421 ’-

353 1456 399 1483 ut
454 1442 578 1495 ionys.
595 1442 721 1482 Halic.
737 1441 1005 1495 Etymologici
1019 1442 1155 1482 auCior
1173 1442 1211 1481 in
1224 1443 1426 1495 ’γυμνάσια
1440 1442 1516 1482 &c.
1527 1443 1628 1483 vide
1682 1468 1690 1490 z

353 1496 514 1537 Meurfii
528 1495 689 1537 Miscell.
705 1496 850 1536 Lacon.
865 1496 890 1536 l.
909 1511 960 1546 4,
979 1508 1013 1537 c.
1033 1497 1102 1544 18,
1120 1496 1162 1536 &
1176 1496 1222 1537 de
1243 1495 1366 1536 Arch.
1379 1495 1523 1536 Athen.
1536 1496 1560 1536 1.
1578 1511 1594 1536 1
1610 1525 1628 1544 ,

353 1563 388 1592 c.
403 1552 440 1591 6.
454 1552 593 1591 Huns.
1680 1563 1690 1585 >-

407 1608 482 1645 ead.
495 1606 520 1645 l.
536 1618 598 1656 27.
613 1602 782 1657 Πρῶτος)
796 1602 954 1645 Reffius
967 1603 1071 1658 (mea
1089 1604 1243 1659 quidem
1263 1602 1466 1658 sententia)
1483 1603 1628 1658 legere·
1685 1640 1690 1655 .-

355 1668 418 1699 tur
429 1658 573 1712 πρῶτος
585 1658 624 1698 θ’
638 1656 824 1698 Ἑλλήνων.
836 1658 991 1699 snam.
1688 1667 1690 1669 ·

409 1716 482 1754 ead.
493 1714 518 1753 l.
538 1727 599 1765 29.
614 1711 700 1766 Περὶ
715 1710 788 1752 τῶν
802 1716 896 1751 Λοικ.
911 1712 928 1766 )
940 1711 1027 1753 Post
1038 1710 1342 1763 Λοικεέσιιμονίων
1360 1709 1462 1751 deest
1473 1709 1628 1752 fortass'e

354 1766 469 1807 τοῦτο
481 1767 623 1820 λέγων,
637 1776 703 1806 aut
723 1765 797 1806 tale
811 1765 919 1819 quid:
935 1766 1011 1806 hoc
1022 1765 1146 1812 sensu,
1153 1767 1328 1819 sciendum
1341 1767 1397 1819 est,
1409 1781 1483 1805 eum
1496 1767 1559 1806 hoc
1573 1766 1626 1805 di-
1687 1798 1690 1802 Α

355 1834 481 1865 centem
496 1824 535 1860 de
550 1820 844 1866 Lacedaemoniis,
861 1835 929 1859 non
945 1829 1195 1860 commemorare
1208 1820 1366 1872 infirmas
1375 1818 1560 1872 priscorum
1571 1820 1627 1858 νὶ-
1673 1845 1690 1859 ⁴·

356 1891 426 1922 res,
440 1875 508 1929 (ad
519 1876 618 1915 robur
629 1875 715 1914 enim
728 1874 817 1913 nihil
823 1875 951 1927 interest
961 1904 973 1920 ‚
993 1890 1040 1913 an
1052 1875 1138 1914 nudi
1146 1904 1162 1921 ,
1177 1890 1226 1913 an
1237 1889 1312 1913 cum
1323 1872 1558 1927 subligaculo)
1562 1873 1631 1926 fid
1687 1908 1690 1919 ,

354 1941 488 1970 tantum
510 1941 549 1968 ut
572 1931 742 1982 ostendat,
762 1928 841 1967 illos
865 1929 1057 1968 communia
1084 1943 1160 1968 cum
1186 1928 1339 1967 barbaris
1358 1927 1449 1967 vitae
1474 1927 1626 1981 instituta

355 1983 520 2037 habutffe.
534 1983 687 2024 STEPH.

411 2041 486 2078 ead.
499 2038 523 2076 I.
538 2050 599 2090 30.
613 2036 689 2076 Τῶν
703 2034 894 2090 ἀρχαίων)
907 2030 1033 2076 Αὗτὲὄν
1049 2034 1235 2089 ἀρχαίων.
1246 2032 1349 2075 Caff.
1675 2062 1682 2077 ,ψ

409 2095 484 2131 ead.
500 2091 523 2130 l.
543 2104 604 2143 32.
626 2089 696 2128 Καὶ
710 2088 811 2143 ἑξῆς)
828 2088 948 2128 Duae
965 2088 1057 2129 istae
1074 2088 1245 2128 voculae
1265 2087 1419 2128 aliunde
1442 2087 1627 2142 irrepsisse

355 2143 433 2184 huc
443 2145 636 2189 videntur,
649 2143 714 2183 ubi
729 2142 821 2182 nihil
836 2142 989 2191 habent,
1004 2142 1110 2195 quod
1122 2152 1251 2196 agant.
1267 2142 1465 2184 Interdum
1479 2154 1626 2194 autem,
1678 2181 1683 2187 .

356 2211 447 2238 cum
460 2198 582 2239 allatis
595 2196 818 2251 quibusdam
829 2196 1072 2248 Thucydidis
1085 2197 1215 2237 verbis
1226 2225 1237 2239 ..
1258 2195 1453 2250 sequentia
1466 2197 1625 2246 omittit,

355 2252 504 2298 dicere,
522 2264 604 2292 non
648 2251 774 2291 uidem
796 2250 862 2289 καὶ
886 2248 986 2302 ἑξῆς,
999 2249 1062 2290 sed
1082 2250 1147 2290 καὶ
1165 2252 1219 2290 τὰ
1238 2248 1333 2301 ἑξῆς,
1348 2250 1466 2290 docui
1486 2249 1524 2289 in
1538 2263 1625 2291 mea
1683 2297 1686 2301 ¹

355 2306 406 2345 ad
417 2264 776 2347 leffionemliorum
792 2303 1027 2344 scholiorum
1042 2301 1333 2358 Proparasceue.
1347 2304 1499 2344 Sum.
1517 2306 1564 2342 Tb
1576 2303 1625 2345 sb

355 2359 454 2420 ἱξῇς·
465 2359 520 2399 ἔτι
533 2359 578 2399 ἑὲ
591 2359 654 2399 καὶ
667 2360 700 2399 ἑν
714 2356 790 2397 τοῖς
799 2357 1008 2411 βαρβάροις,
1019 2357 1084 2397 καὶ
1091 2357 1272 2408 μάλιστα.
1284 2358 1319 2397 ἐν
1330 2357 1408 2396 τοῖς
1419 2357 1625 2405 Ἀσιανοῖς,

357 2417 412 2454 οἱς
424 2410 496 2460 νῦν,
506 2411 665 2467 πυγμῆς
677 2413 743 2452 καὶ
756 2413 885 2452 πάλης
897 2406 996 2451 {Gna
1010 2410 1166 2451 τίθεται.
1175 2409 1276 2450 Caff.
1287 2410 1448 2451 Putavit
1458 2409 1598 2451 scilicet
1608 2439 1623 2460 ‚

355 2468 424 2522 qui
441 2467 535 2507 haec
555 2465 696 2520 teripfit
706 2495 716 2512 ,
737 2465 842 2505 hunc
856 2464 931 2505 effe
945 2465 1116 2505 ordinem
1130 2465 1345 2504 verborum
1356 2493 1368 2512 ‚
1388 2477 1488 2518 quae
1501 2466 1624 2516 paulo

355 2521 442 2576 post
452 2522 492 2563 in
503 2519 734 2574 Thucydide
748 2519 945 2574 leguntur,
954 2519 990 2560 ἐν
1003 2518 1081 2560 τοῖς
1091 2519 1285 2572 βαρβάροις
1295 2517 1398 2561 ἔστιν
1412 2515 1463 2560 οἷς
1477 2517 1547 2570 νῦν,
1558 2518 1623 2559 καὶ
