1690 3120
341 250 398 313 36
535 243 1410 298 ANNoTATtoNEs

335 347 458 378 erant.
479 337 622 377 Fateor
642 337 928 392 alioqui‚>quod
947 337 1083 378 titulus
1105 338 1166 379 ilie
1183 339 1396 393 praedicat,
1415 339 1454 379 in
1478 339 1608 382 multis

334 391 577 444 Thucydidis
589 392 683 432 locis
699 390 950 444 posseverum
964 393 1180 445 comperiri.
1196 392 1268 433 Sed
1286 394 1411 446 qualia
1426 393 1499 434 fint
1513 394 1608 436 haec

334 445 479 486 scholia
489 477 501 494 ,
520 445 726 499 (quantum
739 445 891 499 quidem
907 446 1073 486 iudicare
1091 446 1260 500 possum)
1274 461 1295 487 a
1309 461 1372 488 me
1382 449 1520 500 partim
1530 449 1608 489 iam

336 500 409 540 di&
415 512 478 539 um
490 499 556 546 est,
569 500 707 552 partim
719 500 1015 554 vero2exemplis
1027 500 1067 540 in
1078 499 1138 541 his
1150 502 1467 542 annotationibus
1479 501 1609 543 osten-

335 554 461 595 detur.
475 555 627 594 STEPH.

405 608 497 660 Pag.
516 621 604 661 305.
621 607 646 647 l.
662 621 694 660 5.
710 607 870 646 Πάντως
888 606 1079 657 μέμνηται
1095 606 1164 647 τοῦ
1176 607 1308 648 οἰκείου,
1320 607 1498 660 ὀνόματος
1517 610 1610 650 κατ’

334 661 483 716 ἀρχὰς,
498 660 722 702 aureatam.
738 661 837 708 δῖε.)
854 661 928 701 Hic
941 661 992 702 ita
1003 661 1158 701 videtur
1168 661 1225 701 uti
1238 663 1424 703 adverbio
1438 663 1608 713 πάντως,

336 725 386 756 ut
399 715 474 756 effe
486 713 599 755 usum
613 714 886 766 Thucydidem
903 729 938 768 p.
959 728 1031 767 507
1044 713 1192 755 scribit:
1212 716 1389 756 videlicet
1410 729 1485 770 pro
1501 716 1544 770 ἐξ
1561 718 1608 756 ’ἐι-

334 768 496 824 νίιγκης.
512 769 671 809 Perinde
684 782 728 809 ac
740 768 768 807 si
781 769 942 815 diceret,
954 769 1076 822 necff
1091 769 1320 822 Thucydidem
1333 771 1487 824 ltabuffl
1498 771 1609 811 uomi-

333 824 390 863 nis
402 824 716 876 fitimentionem-in
730 823 896 876 principio
912 823 1021 876 operis
1027 823 1089 875 sui
1096 821 1231 875 facere:
1249 825 1375 878 partim
1389 837 1428 864 ut
1440 826 1482 877 fi
1495 825 1608 879 ipfilm

332 879 379 917 ab
390 879 470 917 aliis
480 879 701 932 distingueret,
714 878 772 929 qui
785 878 894 929 iisdem
907 877 1009 916 annis
1020 877 1234 929 cognomines
1245 889 1339 917 erant
1347 893 1364 925 ;
1368 879 1496 932 partim
1506 880 1607 918 etiam

331 947 375 971 ne
388 933 480 971 alius
492 931 657 985 quispiam
670 931 859 984 historicum
873 931 962 970 illud
972 931 1043 970 eius
1062 944 1150 982 opus
1161 931 1231 984 fibi
1244 932 1440 971 vindicaret.
1462 931 1607 973 Obser-

332 998 387 1025 va
401 997 530 1026 autem
541 985 875 1035 ‚cumdicendum
888 983 980 1025 effet
988 987 1002 1031 ,'
1020 981 1109 1035 ἕιμσι
1127 985 1196 1034 μὲν
1216 983 1287 1025 «ὴὲ.
1301 985 1445 1026 ταύτην
1459 985 1527 1028 τὴν
1543 987 1608 1026 αἱ-

333 1039 433 1086 τίαν,
446 1050 515 1080 aut
529 1051 634 1080 certe
647 1038 876 1105 simpliciter,
893 1035 981 1089 ἅμα
991 1037 1061 1089 μὲν
1077 1037 1221 1077 τούτου
1231 1034 1362 1089 ἕνεκεν,
1377 1052 1484 1080 nove
1500 1040 1608 1081 dixis-

333 1091 372 1133 se
383 1123 394 1141 ,
417 1092 504 1144 ἕιμοι
517 1095 584 1144 μὲν
600 1091 669 1133 τῆς
680 1091 797 1133 aar&
809 1091 938 1132 αἰτίαις
957 1089 1084 1132 ἕνεκεν.
1100 1091 1282 1132 Ceterum
1299 1105 1373 1146 pro
1387 1094 1421 1134 ἐν
1433 1093 1513 1134 τοῖς
1525 1093 1607 1134 ἕτε-

334 1162 392 1187 em
411 1147 537 1187 scribo
557 1148 592 1187 ἐν
610 1146 694 1187 »τοῖς
713 1141 842 1186 αὐτοῖς
858 1145 986 1186 ἔντεσιν.
1003 1158 1127 1199 -quam
1148 1145 1353 1187 leffionem
1369 1147 1417 1187 in
1437 1157 1524 1189 mea
1543 1148 1607 1189 illa

333 1201 449 1241 huius
460 1203 538 1242 loci
550 1200 865 1254 interpretatione
879 1198 1073 1253 agnosces.

385 1256 535 1296 Verum
548 1255 610 1295 hic
621 1268 760 1295 eorum
772 1265 810 1293 te
822 1252 1027 1293 meminisse
1034 1263 1206 1307 oportet,
1217 1266 1318 1307 quae
1328 1251 1374 1294 de
1383 1253 1557 1296 hocloco
1567 1256 1607 1296 in

333 1309 565 1363 principium
584 1309 772 1361 prooemii
790 1307 1033 1360 Thucydidis
1050 1308 1144 1346 dixi:
1163 1308 1203 1346 in
1214 1319 1263 1347 ea
1281 1309 1402 1348 verba
1414 1309 1610 1360 videlicet,

334 1362 570 1404 Θουκυὸίὲης
584 1362 765 1403 Ἀθηναῖος
780 1360 1005 1415 ξυνέγραψε
1025 1363 1088 1401 τὸν
1108 1361 1272 1413 πόλεμον
1292 1361 1365 1403 τῶν
1378 1367 1608 1404 Πελοποννη-

333 1418 420 1457 σίων
441 1418 503 1458 κοιὶ
523 1416 722 1457 Ἀθηναίων.
743 1416 802 1455 -lbi
816 1417 920 1455 enim
938 1426 1030 1456 cum
1049 1413 1219 1454 dixissem
1241 1413 1417 1469 suspicari
1439 1430 1526 1467 me,
1541 1417 1607 1457 vel

334 1470 695 1525 potiuspersuasum
708 1471 871 1516 habere,
886 1468 1071 1562 scriptum
1086 1481 1109 1508 a
1119 1468 1351 1522 Thucydide
1363 1468 1469 1511 fuiffe
1479 1500 1494 1517 ‚
1512 1477 1606 1510 Θου-

333 1525 497 1565 κυὲίὲης
508 1523 572 1565 τοῦ
584 1524 731 1578 Ὀλόρου
743 1522 939 1570 Ἀθηναῖος,
1010 1523 1199 1563 rationem
1219 1523 1332 1564 huius
1346 1536 1454 1564 meae
1473 1537 1607 1565 emen-

334 1578 500 1619 dationis
510 1577 711 1619 attulissem
723 1593 732 1618 :
751 1577 861 1618 simul
872 1577 987 1617 etiam
997 1577 1187 1630 inquiens,
1197 1575 1272 1617 effe
1283 1577 1504 1628 verifimile,
1514 1592 1607 1619 cum

335 1633 379 1674 δι
391 1633 452 1673 alii
463 1633 598 1674 eodem
604 1631 738 1673 forent
749 1642 939 1684 tempore,
952 1631 1021 1684 qui
1035 1642 1178 1670 nomen
1191 1630 1289 1670 idem
1302 1631 1498 1680 haberent,
1512 1645 1606 1673 eum

334 1687 478 1741 aliquid
490 1718 501 1735 ,
514 1699 602 1741 quo
616 1687 665 1727 ab
686 1686 758 1726 iliis
775 1684 934 1725 discerni
945 1683 1073 1738 posset
1084 1714 1096 1732 ‚
1112 1683 1346 1726 adiunxisse:
1367 1684 1440 1725 illis
1461 1686 1606 1736 adieci,

334 1740 388 1787 id,
401 1741 508 1794 quod
529 1740 603 1782 este
621 1739 824 1781 verisimile
843 1739 1024 1787 dicerem,
1043 1738 1091 1778 ab
1103 1737 1406 1796 ipsoSchoiiaste
1417 1749 1485 1779 tan
1567 1754 1608 1781 m

334 1806 485 1835 certum
505 1795 614 1835 tradi.
628 1794 694 1834 Ab
711 1793 780 1833 illo
795 1793 899 1834 enim
916 1791 1049 1841 scribi,
1065 1792 1339 1844 Thucydidem
1358 1793 1468 1833 volui
1500 1807 1522 1834 e
1535 1794 1608 1834 dis-

334 1850 480 1890 crimen
492 1861 637 1903 ponere
649 1847 762 1901 (nam
777 1847 817 1887 δι
831 1847 883 1886 ita
902 1847 1060 1900 interpr.
1078 1844 1441 1901 ἁντιθιαστέλλειν)
1456 1848 1554 1888 inter
1567 1847 1609 1890 se

335 1903 378 1943 &
393 1904 488 1943 alios
501 1933 514 1950 ,
587 1902 600 1941 i
619 1902 721 1942 idem
741 1901 881 1941 eodem
901 1910 1078 1953 tempore
1099 1912 1244 1940 nomen
1266 1900 1468 1941 habebant.
1491 1902 1606 1943 Unde

334 1957 451 1997 etiam
464 1970 492 2010 p
551 1969 573 1996 e
590 1955 742 2009 colligi,
756 1954 862 1995 ilium
871 1966 1036 2007 quoque
1053 1954 1132 2001 ita,
1150 1965 1194 1993 ut
1209 1953 1417 2006 {egendum
1436 1955 1529 1995 mihi
1547 1957 1606 1996 vi·

332 2011 417 2050 deri
429 2011 615 2055 dicebam,
627 2008 773 2062 legisse:
790 2008 988 2055 videlicet,
1002 2006 1239 2047 Θουκυέίέης
1249 2006 1317 2048 τοῦ
1335 2007 1495 2061 Ὀλὸρὸυ·
1512 2022 1604 2051 cum

335 2065 486 2118 alioqui
497 2064 640 2104 nullam
658 2061 955 2103 ἁντιέιαστολὴν
979 2060 1143 2115 posuisse
1165 2060 1283 2101 videri
1296 2061 1420 2115 poffit.
1433 2062 1604 2117 Ideoque
1655 2072 1659 2076 ’

334 2131 418 2158 non
432 2118 605 2158 dubitare
620 2129 694 2163 me,
709 2117 803 2170 quin
817 2115 943 2155 abillo
955 2113 1024 2154 scri
1052 2125 1134 2154 tum
1150 2112 1276 2164 fuerit,
1290 2115 1446 2156 Πάντως
1461 2118 1603 2168 μέμνη-

333 2186 404 2211 νται
415 2171 484 2212 τοῦ
497 2171 628 2211 οἰκείου
643 2170 708 2210 καὶ
721 2167 786 2209 τοῦ
797 2171 943 2223 ’πατρὸς
959 2168 1029 2222 (ve
1045 2199 1058 2215 ,
1074 2166 1141 2208 τοῦ
1154 2167 1223 2207 τοῦ
1234 2170 1398 2223 πατρὶς)
1412 2170 1603 2222 ὀνόματος.

333 2225 449 2267 Unde
460 2237 588 2266 autem
599 2235 723 2264 ortam
734 2222 808 2263 effe
819 2223 917 2262 han'c
928 2221 1028 2275 apud
1037 2221 1150 2261 istum
1161 2222 1408 2264 Scholiastem
1422 2224 1603 2278 deprava·

332 2280 483 2320 tionem
494 2278 762 2326 existimarem,
774 2277 913 2316 ibidem
922 2275 1127 2316 declaravi.
1138 2277 1252 2316 Nunc
1263 2288 1367 2317 certe
1375 2277 1443 2318 τῖς
1451 2279 1604 2331 ssohum·

333 2333 355 2398 ζ
366 2344 411 2374 ut
423 2334 524 2388 apud
534 2331 805 2384 Thucydidem
819 2329 994 2370 nostrum
1007 2329 1181 2383 loquitur
1197 2329 1392 2384 Pericles)
1405 2330 1470 2371 τῆς
1482 2329 1603 2373 admit

332 2385 500 2440 ἔχομαι·
512 2387 607 2427 illud
615 2395 765 2425 tantum
777 2384 953 2425 adiiciens
962 2412 974 2431 ‚
993 2383 1084 2422 mihi
1095 2383 1337 2424 obieeturum
1353 2383 1518 2425 fortaffis
1532 2386 1599 2426 ali·

334 2455 468 2497 quem,
478 2440 566 2481 satis
580 2451 764 2493 magnum
778 2439 855 2478 hoc
869 2437 981 2477 statui
995 2450 1019 2476 a
1033 2436 1166 2478 nostro
1177 2436 1363 2492 scriptore
1375 2437 1575 2480 discrimen
1586 2470 1599 2490 ‚

333 2496 441 2551 quod
453 2494 490 2535 se
500 2492 769 2535 Atheniensem
779 2492 1048 2532 dicat.Verum
1062 2492 1101 2530 in
1111 2502 1267 2544 promtu
1276 2491 1330 2532 est
1340 2491 1519 2532 adversus
1529 2493 1598 2534 ob-

333 2551 539 2593 ieffionem
557 2548 661 2590 illam
678 2545 895 2603 responsio,
910 2558 960 2588 ex
977 2546 1099 2587 tribus
1118 2545 1276 2601 reliquis
1294 2546 1536 2599 Thucydidis
1552 2561 1595 2588 u-
