1690 3120
323 211 382 261 32
615 195 1296 246 H.STEPHAN1

317 284 350 324 fi
363 284 566 332 diceretur,
581 285 712 327 ἄλλως
723 285 952 342 ἐξηγοῦνται
962 286 1075 335 τινὲς,
1088 286 1153 327 vel
1165 285 1264 340 ἑξηγ
1271 284 1430 337 iio-aum
1442 286 1522 336 vel,
1534 283 1602 328 ἕίλᾱ

319 348 396 378 aeos
417 338 598 391 {se‘fg'av‘to
621 341 734 382 τινές·
758 352 824 382 aut
845 342 959 381 etiam
983 339 1143 381 ἥκουσαν
1165 340 1279 395 (nam
1300 341 1442 381 horum
1466 342 1600 382 itidem

316 402 491 447 utroque
506 395 556 433 ita
570 394 627 434 uti
639 395 681 435 &
693 395 795 435 hunc
807 394 1042 435 scholiastem
1054 425 1065 442 ‚
1081 395 1118 434 in
1135 394 1454 449 praecedentibus
1465 396 1599 437 admo-

318 447 417 500 nui)
433 443 529 486 οὕτω
546 447 734 489 sumen.
756 449 846 489 Scio
865 460 1018 497 autem,
1037 448 1125 489 νοεῖν
1141 461 1306 503 quoque
1327 462 1402 502 pro
1417 446 1599 504 intelligere

319 498 388 552 (ea
402 503 440 540 in
454 500 732 554 significatione
745 533 758 550 ‚
780 517 858 557 qua
876 504 1016 544 dicitur
1026 502 1098 543 hac
1111 503 1157 543 de
1169 502 1230 556 rc)
1245 505 1282 542 in
1298 502 1367 543 usu
1381 502 1475 544 effe:
1493 504 1599 545 ideo-

319 567 401 608 que
418 555 530 607 poffit
543 557 656 597 etiam
671 557 770 604 dici,
787 565 915 597 άλλως
930 557 1048 596 νοοῦσι
1063 556 1169 597 τινές·
1182 557 1247 596 vel
1259 556 1420 598 ἐνόησαν.

387 610 586 651 Ηεξὶεηυς
599 611 646 650 de
658 611 771 651 certis
783 610 1009 665 quibusdam
1023 611 1154 650 verbis
1167 641 1178 656 ,
1197 609 1264 650 seu
1279 610 1464 665 loquendi
1479 623 1597 665 gene·

318 662 451 713 ribus,
467 677 566 717 quae
580 665 682 717 apud
699 665 801 706 hunc
813 663 1050 706 scholiastem
1063 663 1284 718 frequenter
1297 674 1508 706 occurrunt
1519 694 1530 714 ‚
1554 666 1598 706 &

318 717 431 757 velut
453 730 569 759 notae
590 720 778 772 quaedam
801 719 888 759 sunt
904 718 1111 767 scholicae‚
1130 719 1166 758 id
1186 717 1261 767 est,
1281 717 1431 759 scholiis
1447 731 1597 760 conve-

319 771 489 812 nientes:
512 773 559 812 de
571 786 737 826 quarum
752 772 823 813 usu
835 773 904 827 qui
915 772 1076 813 edo&us
1087 785 1167 812 non
1182 772 1268 819 erit,
1278 771 1436 814 haerere
1447 773 1486 816 in
1499 773 1598 814 mul-

318 825 366 865 tis
377 856 388 874 ‚
410 826 553 879 quibus
565 827 754 868 adhibitae
767 826 873 874 sunt,
893 827 992 868 locis
1005 837 1180 880 cogetur.

323 910 327 915 .
374 879 412 918 N
415 893 491 920 unc
503 891 632 921 autem
646 881 719 921 alia
732 882 920 935 quaedam
931 881 978 921 ad
993 881 1136 921 horum
1150 878 1356 920 leffionem
1370 879 1598 933 pertinentia

317 931 410 973 libet
425 934 609 981 adiicere,
629 935 676 975 de
688 935 830 990 quibus
843 935 871 975 st
885 946 924 975 te
937 933 1277 976 commonefecero
1286 963 1300 982 ,
1320 933 1515 975 utiliorem
1527 935 1596 976 tibi

316 986 420 1027 illam
441 988 655 1029 reddidero.
673 990 846 1030 Primum
861 989 915 1029 est
930 990 977 1030 de
998 989 1126 1030 verbis
1140 999 1365 1035 contextus,
1382 1001 1484 1042 quae
1507 988 1596 1030 inde

317 1052 501 1095 excerpta
513 1042 666 1083 scholiis
679 1043 816 1084 inserta
835 1043 992 1083 fuerunt
1004 1073 1014 1090 ‚
1035 1055 1082 1083 ea
1095 1043 1295 1091 videlicet,
1312 1042 1351 1082 in
1365 1055 1468 1096 quae
1482 1043 1551 1096 qui
1579 1064 1598 1074 -

318 1096 421 1149 piam
435 1096 489 1136 est
501 1107 730 1138 annotatum
740 1127 752 1144 ‚
770 1098 810 1139 in
831 1098 876 1138 iis
890 1097 976 1138 inde
988 1097 1066 1138 huc
1081 1095 1353 1137 transferendis
1365 1095 1509 1136 alicubi
1521 1109 1542 1139 e
1572 1109 1596 1138 e

317 1162 520 1204 peccatum
533 1182 546 1201 ,
560 1151 676 1206 idque
692 1152 814 1192 tribus
828 1151 970 1192 modis:
985 1163 1009 1190 a
1022 1164 1194 1205 quorum
1212 1163 1294 1191 uno
1307 1150 1346 1189 in
1360 1149 1514 1204 singulis
1530 1149 1596 1203 (de

317 1204 390 1244 illis
407 1204 565 1259 loquor,
582 1206 620 1245 in
635 1206 776 1259 quibus
792 1206 967 1259 peccavit
984 1204 1177 1258 librarius)
1191 1205 1406 1245 cavendum
1422 1203 1478 1244 stt.
1492 1204 1596 1247 Nam

316 1258 384 1299 vel
397 1272 471 1311 pro
487 1259 532 1299 iis
550 1259 704 1310 verbis,
724 1260 771 1300 ad
786 1273 886 1313 quae
906 1259 1028 1313 ipsum
1045 1259 1231 1300 scholium
1251 1258 1435 1312 pertinet,
1458 1258 1496 1298 id
1517 1257 1595 1306 est,

317 1313 363 1352 ad
377 1326 548 1367 quorum
560 1313 839 1367 expositionem
853 1312 1032 1368 scriptum
1045 1312 1121 1361 est,
1136 1313 1209 1354 alia
1223 1312 1390 1353 omnino
1401 1325 1423 1352 a
1436 1311 1595 1354 librario

316 1367 497 1407 translata
521 1368 608 1408 inde
625 1367 810 1414 fuerunt:³
821 1367 888 1414 vel
911 1378 1058 1421 partem
1074 1380 1235 1416 eorum,
1252 1365 1334 1407 five
1347 1365 1506 1420 aliquod
1518 1364 1597 1406 sal-

316 1431 396 1460 tem
412 1421 560 1462 omisit:
582 1432 650 1462 aut
664 1433 802 1463 contra
812 1452 825 1468 ‚
840 1434 940 1476 quae
955 1421 1068 1476 plane
1082 1421 1364 1476 supervacanea
1377 1420 1486 1467 sunt,
1503 1433 1595 1463 cum

316 1475 363 1514 ad
377 1488 515 1516 eorum
528 1474 652 1530 usque
665 1475 948 1529 expositionem
961 1474 1146 1516 scholium
1168 1488 1248 1516 non
1260 1474 1511 1523 extendatur,
1528 1475 1594 1514 ad-

314 1528 414 1569 iecit.
429 1530 493 1570 Ad
512 1530 677 1584 primum
694 1531 785 1571 illud
798 1541 1002 1585 peccatum
1017 1531 1127 1583 quod
1140 1530 1298 1576 attinet,
1313 1529 1398 1570 eius
1417 1528 1595 1582 exempla

315 1584 607 1638 propemodum
641 1585 846 1625 innumera
867 1584 1040 1626 inveniet
1057 1613 1071 1630 ,
1096 1584 1166 1638 qui
1191 1583 1378 1624 editiones
1401 1581 1564 1623 aliorum
1578 1612 1594 1630 ‚

316 1650 420 1691 quae
431 1651 558 1678 meam
574 1638 872 1691 praecefferunt‚
893 1651 984 1679 cum
999 1650 1046 1678 ea
1061 1637 1246 1679 conferet.
1261 1649 1350 1677 nam
1365 1635 1428 1690 (ut
1441 1636 1530 1676 alibi
1541 1636 1595 1676 di-

317 1691 376 1745 xi)
391 1692 428 1731 in
445 1692 516 1732 illis
530 1693 760 1733 editionibus
772 1691 903 1746 passim
914 1691 995 1733 fere
1009 1705 1054 1734 ea
1066 1701 1198 1734 textus
1210 1691 1346 1740 verba,
1363 1703 1463 1744 quae
1474 1690 1593 1732 alicui

316 1744 464 1787 scholio
478 1746 652 1800 praefixa
666 1747 751 1787 sunt
765 1757 952 1801 tanquam
965 1759 1016 1789 eo
1030 1745 1206 1800 expofita
1215 1776 1231 1793 ,
1251 1745 1300 1789 ab
1313 1757 1364 1786 eo
1380 1743 1467 1785 sunt
1481 1757 1594 1799 pror-

315 1799 380 1840 sus
397 1800 542 1840 aliena:
561 1811 648 1850 aut,
671 1801 701 1841 fi
725 1801 871 1851 mavis,
887 1799 1072 1842 scholium
1087 1800 1137 1840 ab
1152 1800 1224 1840 illis
1243 1799 1409 1843 omnino
1428 1797 1483 1839 est
1501 1798 1593 1839 alie·

316 1867 430 1896 num:
447 1854 489 1895 &
501 1855 691 1896 interdum
706 1868 757 1896 ex
771 1855 861 1904 alio,
879 1856 946 1909 qui
959 1853 1178 1908 longiffimo
1190 1854 1239 1895 ab
1258 1853 1330 1894 illis
1342 1862 1519 1894 remotus
1537 1851 1593 1893 est
1609 1856 1611 1858 '

314 1908 523 1949 intervallo
536 1908 680 1963 (atque
693 1910 790 1949 adeo
805 1922 853 1949 ex
873 1910 950 1950 alio
965 1908 1153 1962 quaedam
1165 1907 1295 1963 libro)
1310 1902 1593 1960 immigrarunt.

314 1961 456 2016 Neque
467 1974 594 2003 tamen
606 1964 714 2018 prior
726 1977 810 2004 mea
822 1963 939 2004 editio
953 1963 1052 2003 nihil
1062 1963 1134 2004 hac
1143 1963 1180 2003 in
1193 1974 1301 2016 parte
1312 1960 1593 2004 emendandum

315 2016 407 2058 huic
422 2017 594 2079 reliquit:
614 2031 659 2058 ac
674 2030 723 2058 ne
739 2017 788 2057 ab
801 2018 873 2058 hac
886 2016 1043 2071 quidem
1058 2016 1151 2058 nihil
1164 2016 1258 2056 meis
1278 2017 1316 2056 in
1337 2015 1432 2056 haec
1450 2013 1594 2057 scholia

316 2071 633 2112 annotationibus
645 2070 823 2112 relietum
841 2070 935 2112 fuit:
957 2070 1065 2124 quod
1080 2069 1266 2111 nonnulla
1281 2069 1418 2124 partim
1434 2081 1517 2111 non
1536 2067 1593 2109 sa·
1659 2058 1677 2130 ‘⁷

315 2126 364 2164 tis
377 2137 512 2166 cautos
525 2126 680 2173 oculos,
692 2125 830 2180 partim
843 2125 1130 2178 indagationem
1144 2137 1269 2166 meam
1283 2121 1592 2176 subterfugerint.

314 2178 561 2220 Cumautem
576 2181 615 2220 in
628 2181 684 2221 his
698 2179 1028 2227 annotationibus,
1043 2191 1124 2219 non
1137 2188 1286 2219 tantum
1330 2189 1405 2218 uae
1417 2176 1495 2218 hoc
1507 2190 1595 2219 mo-

315 2233 391 2280 do,
406 2233 467 2274 sed
481 2235 598 2274 etiam
611 2248 712 2288 quae
725 2235 805 2275 aliis
819 2233 972 2275 duobus
990 2244 1149 2287 peccata
1167 2231 1254 2273 sunt
1263 2261 1276 2279 ,
1357 2230 1591 2283 emendanda

313 2285 536 2341 supersunt,
553 2289 617 2329 vel
632 2289 785 2336 omnia,
802 2288 868 2329 vel
879 2300 1019 2341 magna
1029 2285 1161 2327 saltem
1175 2299 1223 2327 ex
1234 2296 1362 2340 parte,
1376 2285 1592 2332 emendem,

313 2355 385 2382 cur
398 2343 526 2396 potius
543 2344 723 2397 exempla
738 2356 876 2384 eorum
897 2342 974 2383 huc
995 2340 1175 2390 afferam,
1193 2354 1311 2395 quam
1326 2339 1394 2380 tibi
1409 2337 1591 2381 sumenda

314 2394 403 2437 inde
422 2397 661 2450 relinquam?
977 2413 984 2419 ·

369 2451 435 2491 Ad
448 2450 509 2490 illa
523 2451 639 2504 igitur
652 2452 783 2506 potius
797 2451 951 2492 veniam
963 2480 978 2498 ‚
994 2450 1042 2491 de
1057 2449 1200 2504 quibus
1213 2447 1281 2488 tibi
1298 2446 1450 2488 monito
1463 2445 1592 2487 utilio.

313 2517 397 2548 rem
413 2505 554 2547 horum
566 2505 815 2548 Scholiorum
827 2505 1034 2548 leetionem
1050 2502 1222 2545 futuram
1232 2500 1313 2553 effe
1325 2502 1418 2552 dixit
1435 2500 1491 2543 Ea
1504 2501 1591 2543 sunt

1684 1328 1690 1382 i

1676 1624 1690 1696 afln-
1681 1476 1690 1614 1.,..4v..·‚.....
1686 1447 1690 1465 .-
