1690 3120
328 187 415 252 ιβ
523 185 1400 241 ANNOTATIONES

319 272 446 317 αὐτῶν
461 275 602 317 εἰπόντι
617 276 866 319 πιστευθῆναι.
877 277 1044 329 Verum,
1060 279 1128 320 nisi
1144 293 1380 334 magnopere
1393 281 1523 330 fallor,
1536 296 1597 324 re·

319 330 466 371 ceditur
480 330 717 384 aliquantum
732 332 798 371 ista
811 333 1128 386 interpretatione
1141 348 1162 374 a
1175 348 1272 375 vero
1286 337 1327 375 δι
1339 337 1508 389 genuino
1518 337 1598 378 sen-

319 384 363 425 fu
380 384 591 426 verborum
614 385 820 438 graviffimi
842 387 1013 426 oratoris
1026 418 1038 434 ‚
1054 388 1122 440 qui
1148 389 1312 428 omnino
1338 402 1419 429 non
1448 391 1599 443 putavit

320 438 527 492 periclitari
544 439 712 479 virtutes
724 439 994 480 det'un&oriim
1017 441 1055 480 in
1072 455 1122 481 eo
1133 472 1144 490 ,
1164 444 1257 495 quod
1259 445 1351 494 fides
1368 446 1407 483 de
1426 444 1471 483 iis
1489 445 1595 484 habe-

320 504 412 533 retur
423 505 493 533 tam
504 493 613 542 bono,
632 509 732 546 quam
747 494 837 534 malo
851 496 1002 541 oratori,
1020 493 1070 535 fic
1094 497 1194 535 enim
1215 497 1398 537 omnibus
1416 498 1591 538 credere-

320 557 388 587 tur
401 559 445 587 ae
473 547 551 587 uaii
567 547 686 588 modo
692 561 706 596 ;
722 547 847 601 (quod
862 560 942 588 non
958 547 1074 588 vellet
1088 560 1216 589 tamen
1231 549 1460 603 Stephanus,
1477 551 1519 591 δι
1541 562 1598 591 ta-

320 601 366 641 lis
378 561 504 641 senPus
521 613 571 641 ex
585 600 799 655 paraphrafi
812 601 927 654 ipfius
940 600 1142 655 sequitur.)
1165 603 1237 643 Sed
1256 602 1510 656 significatum
1523 618 1595 658 po·

324 656 402 695 tius
417 654 580 695 Pericles
592 655 719 696 voluit
729 685 740 702 ,
754 667 860 709 prout
879 657 987 695 honus
1006 667 1071 695 aut
1084 657 1195 696 malus
1207 658 1381 711 contigerit
1392 671 1508 698 orator
1525 659 1598 698 vir·

319 711 450 749 tutibus
462 710 682 757 enarrandis,
703 711 752 749 ita
759 711 864 763 fidem
885 710 967 749 illas
986 725 1113 763 quoque
1131 713 1230 762 apud
1244 712 1416 752 auditores
1430 713 1597 760 invenire,

319 762 508 804 diversam
523 776 659 816 nempe
674 777 746 818 pro
759 762 940 804 facultate
955 763 994 804 &
1013 763 1233 817 eloquentia
1250 766 1431 806 oratoris.
1448 767 1595 806 Veram

321 830 417 870 ergo
429 829 608 870 putamus
620 817 912 858 construfflonis
921 819 1109 858 rationem
1123 817 1212 865 effe,
1230 830 1350 871 quam
1364 819 1464 859 dedit
1476 820 1598 861 Scho-

319 871 455 918 liastes,
469 873 510 912 δι
522 871 784 912 accusativum
796 873 937 924 ἀρετὰς
947 871 1076 924 potius
1086 885 1108 911 a
1119 870 1360 912 πιστευθῆναι
1373 873 1469 927 regi,
1477 887 1596 927 quam

319 925 378 975 ’τῷ
402 924 694 966 κινὸυνεύεσᾶαι.
716 926 774 965 Ita
799 938 878 966 non
902 925 1070 966 dubitem
1094 924 1289 979 praeferre
1310 926 1597 980 interpretatio-

319 992 408 1019 nem
424 979 528 1019 Porti
548 980 585 1019 h.
596 979 620 1020 l.
639 979 918 1033 Stephanianae
929 1009 940 1028 ,
957 980 1140 1019 omnibus
1154 992 1252 1019 vero
1269 979 1375 1020 istam
1396 980 1596 1021 doffissimi

321 1033 558 1081 Camerarii,
578 1034 618 1072 in
631 1033 808 1075 verfione
821 1032 1036 1073 Concionis
1060 1032 1231 1074 funebris
1246 1033 1376 1075 Pericl.
1396 1035 1480 1075 talis
1492 1047 1596 1089 quae

318 1086 479 1141 legitur:
496 1102 598 1141 neque
605 1089 792 1141 periculum
806 1087 917 1134 adiri,
936 1100 977 1127 ut
991 1088 1026 1127 in
1043 1087 1146 1127 unius
1158 1088 1306 1127 alicuius
1318 1088 1469 1128 oratione
1479 1090 1595 1130 melio-

319 1156 355 1180 re
369 1154 433 1191 ayt
442 1142 594 1182 deteriore
607 1142 748 1181 virtutis
761 1143 941 1181 multorum
954 1141 1142 1194 versaretur
1147 1142 1250 1193 fides.
1264 1140 1302 1181 Is
1323 1142 1476 1182 videtur
1497 1155 1595 1183 con-

318 1195 569 1236 struffionem
591 1196 642 1235 ita
656 1195 791 1249 cepiffe
803 1195 1015 1236 verborum
1027 1225 1040 1242 ,
1058 1196 1116 1235 uti
1131 1208 1204 1235 nos
1217 1195 1464 1237 ostendimus.
1479 1197 1596 1251 Cepit

319 1249 374 1288 ita
389 1250 502 1289 etiam
514 1248 578 1289 Fr.
592 1249 731 1290 Portus
752 1249 790 1288 in
805 1248 1115 1290 Commentario.
1129 1248 1258 1290 Ceteri
1273 1262 1433 1297 omnes,
1449 1250 1566 1290 Valla
1578 1280 1592 1298 ‚

318 1302 533 1356 Philippus,
552 1303 579 1342 I.
599 1302 714 1350 Casa,
733 1302 1000 1349 Enenckelius,
1016 1315 1149 1343 errore
1161 1302 1451 1357 leviquamvis,
1467 1305 1505 1344 in
1517 1305 1596 1345 hoc

319 1356 548 1405 offendunt,
565 1358 673 1410 quod
691 1356 949 1398 accusativum
973 1357 1111 1410 αἱρετὰς
1134 1358 1326 1411 pertinere
1341 1358 1525 1411 proxime
1545 1360 1594 1399 ad

320 1410 603 1452 κινὲυνεὺεσθαιι
617 1411 796 1451 iudicent.
811 1409 1003 1451 GRAMM.

376 1468 450 1504 ead.
466 1466 488 1504 l.
507 1479 529 1504 2
560 1493 569 1504 .
589 1461 920 1518 Περιφραστικῶςῆ
937 1463 1120 1516 ἀλήθεια)
1134 1464 1262 1504 Nemo
1277 1476 1357 1504 non
1369 1464 1460 1504 mihi
1474 1464 1594 1506 assen-

322 1518 453 1568 tietur,
471 1530 514 1558 ut
546 1531 663 1570 pero,
679 1517 906 1558 dissentienti
920 1518 981 1559 hic
999 1531 1164 1571 quoque
1178 1531 1200 1557 a
1217 1516 1351 1558 nostro
1370 1518 1596 1562 Scholiaste.

319 1585 391 1614 cur
405 1573 507 1613 enim
521 1572 772 1625 Thucydides
782 1603 796 1620 ,
815 1571 844 1611 s1
857 1572 958 1614 aliud
971 1584 1088 1625 quam
1107 1570 1125 1612 ἦ
1140 1569 1296 1612 ἀλήθεια
1310 1572 1438 1612 dicere
1449 1573 1594 1614 noluis-

322 1627 391 1675 set,
405 1640 478 1681 pro
490 1639 540 1667 eo
552 1625 823 1680 periphrastice
838 1624 856 1667 fi
868 1625 1023 1667 samm
1038 1623 1104 1665 τῆς
1115 1625 1295 1666 ἀληθείαις
1305 1626 1435 1666 dicere
1446 1626 1595 1667 maluis-

320 1681 402 1721 set?
422 1692 489 1721 aut
501 1680 608 1734 quod
626 1680 710 1720 talis
729 1679 958 1734 periphrasis
972 1678 1100 1720 afferri
1120 1679 1344 1733 exemplum
1363 1679 1512 1733 potest?
1527 1681 1598 1723 Ad

322 1735 551 1789 interpretes
574 1746 701 1775 autem
725 1734 832 1788 quod
855 1734 1012 1781 attinet,
1035 1733 1175 1787 prioris
1195 1742 1299 1774 certe
1323 1733 1594 1787 interpretatio

323 1790 449 1830 multo
463 1788 608 1842 magis,
625 1801 741 1842 quam
755 1787 980 1842 posterioris
991 1818 1001 1833 ‚
1020 1786 1230 1827 tolerabilis
1240 1786 1305 1827 est.
1315 1787 1373 1827 lta
1387 1789 1487 1828 enim
1502 1788 1594 1831 Val-
1638 1807 1640 1809 >
1674 1799 1684 1814 '²

325 1843 382 1883 la:
406 1843 568 1883 Arduum
581 1843 667 1882 enim
690 1843 725 1882 ἱη
749 1843 886 1882 dicendo
899 1841 1037 1894 servare
1060 1852 1347 1894 temperamentum
1367 1841 1405 1881 in
1426 1857 1468 1881 ea
1481 1858 1535 1889 re,
1552 1842 1590 1882 in

323 1913 394 1952 qua
410 1897 474 1937 vix
496 1898 595 1937 etiam
617 1897 772 1936 veritatis
795 1896 908 1949 opIm'o
931 1895 1042 1949 affirrt‘
1055 1897 1171 1948 potest.
1194 1894 1251 1934 At
1262 1895 1379 1936 Virus
1393 1895 1467 1945 ita,
1486 1895 1591 1936 nulla

322 1952 496 1991 veritatis
511 1950 613 1991 fasta
625 1951 843 1990 mentione:
866 1950 1018 2006 Dtfficile
1034 1951 1077 2003 est
1090 1950 1176 1988 enim
1188 1949 1419 1989 convenienter
1427 1950 1531 1990 dicere
1549 1966 1590 1990 ea

324 2008 365 2044 de
383 2022 416 2045 re
427 2035 442 2052 ,
463 2007 503 2044 de
517 2020 586 2059 qua
604 2016 719 2044 orator
735 2005 798 2043 vix
818 2003 990 2056 impetrare
1003 2005 1132 2057 potest,
1150 2014 1188 2041 ut
1194 2003 1261 2055 fibi
1275 2005 1440 2043 credatur.
1453 2003 1513 2044 Ac
1530 2017 1591 2044 re·

322 2058 396 2099 fert
415 2059 530 2099 etiam
549 2059 611 2098 hic
623 2086 634 2106 ,
653 2058 856 2111 quomodo
868 2057 1097 2097 adverbium
1108 2058 1267 2110 μετρίως
1283 2056 1591 2110 interpretemur,

320 2126 411 2154 cum
434 2113 486 2152 ita
507 2112 662 2152 reddere
677 2110 800 2165 ipsum
814 2121 1016 2164 oporteat,
1038 2122 1082 2150 ut
1099 2110 1344 2163 sequentibus
1361 2109 1590 2164 respondere

320 2165 448 2220 poffit.
463 2166 558 2206 Non
571 2164 814 2219 respondebit
827 2176 954 2204 autem
964 2168 986 2212 ,'
997 2163 1027 2203 fi
1042 2165 1280 2211 convenienter,
1293 2162 1311 2217 (
1323 2174 1459 2204 contra
1473 2165 1589 2206 etiam

319 2219 546 2262 consuetum
562 2218 693 2272 usum)
707 2231 777 2258 nec
789 2217 818 2257 fi
827 2233 893 2272 pro
909 2218 1071 2270 ‹fignitate
1088 2217 1153 2271 (ut
1166 2215 1390 2258 scholiastes
1400 2217 1513 2269 ἀξίως
1523 2231 1591 2258 ex-

318 2273 451 2329 ponit)
466 2273 686 2320 reddamus;
705 2272 869 2325 ideoque
882 2272 998 2312 huius
1013 2271 1128 2311 etiam
1143 2271 1314 2311 adverbii
1330 2271 1410 2310 vim
1425 2271 1565 2312 refflus
1575 2301 1590 2323 ‚

318 2341 410 2369 meo
422 2327 576 2381 quidem
589 2326 746 2374 iudicio,
754 2325 868 2365 Valla
881 2323 1068 2378 expreffit.
1083 2325 1194 2366 Hanc
1206 2325 1308 2365 enim
1320 2323 1477 2365 Periclis
1486 2339 1590 2366 men·

319 2393 400 2423 tem
417 2380 616 2421 existimo:
637 2379 790 2435 Difficile
811 2379 895 2419 enlm
910 2382 953 2432 est
966 2380 1016 2418 ita
1029 2381 1161 2418 modum
1172 2379 1304 2431 servari
1321 2380 1366 2417 ab
1385 2394 1444 2428 eo,
1462 2380 1521 2432 qui
1537 2380 1590 2419 di-

319 2437 368 2477 cit
375 2467 389 2484 ,
407 2449 446 2475 ut
456 2451 507 2476 res
523 2434 613 2474 nihil
626 2450 685 2473 nec
703 2434 913 2480 minuantur,
927 2448 986 2473 nec
997 2445 1199 2485 augeantur,
1220 2448 1296 2473 cum
1315 2448 1359 2473 ex
1372 2433 1416 2471 iis
1423 2432 1529 2485 sunt,
1546 2436 1587 2473 de

318 2491 439 2546 quibus
449 2490 587 2537 AEcendo
599 2489 663 2528 vix
674 2488 795 2544 efficere
800 2488 919 2542 potest,
935 2498 972 2527 ut
986 2487 1101 2541 quaks
1113 2485 1331 2542 reverafitnt,
1354 2487 1439 2529 tales
1449 2487 1588 2528 videan-
