1690 3120
340 205 1214 257 PROPARASCEUE.
1354 229 1410 261 11

140 297 211 340 ulta
224 290 520 351 ὗπερβιβάζεται
529 298 651 365 Jitgae‘i
673 297 733 339 5⁴4.
751 298 867 352 Quin
886 299 1002 340 etiam
1021 300 1150 342 afflva
1171 299 1297 340 utitur
1308 313 1415 342 vooe

139 365 180 405 p.
201 352 312 413 5371.
330 365 394 402 10,
405 355 448 392 τὸ
463 352 508 392 Σὲ
524 367 644 400 ooo-u,
657 350 914 404 ὑπερβιβάσαι
926 351 1017 407 χρίι.
1027 354 1211 395 Ceterum
1251 354 1353 402 uod,
1365 355 1416 395 de

138 405 325 459 particula
344 405 390 446 δὲ
414 405 599 460 loquens,
624 406 719 447 dicit
746 402 1071 460 ὑπερβιβάζεσᾶαι
1085 439 1096 455 ,
1125 408 1163 448 id
1188 409 1235 448 al'
1265 409 1277 448 i
1296 419 1416 450 vocat

137 459 455 512 ἀναστρέφεσῧαι.
475 460 539 502 Sic
555 473 643 514 pag.
660 474 731 516 543
749 460 773 501 1.
791 476 817 515 9
828 490 840 506 ,
858 463 903 500 τὺ
924 462 1016 503 τότε
1035 459 1107 502 οὗιι
1128 462 1211 503 ἔστι
1229 466 1414 517 χρονιιὼν,

137 512 232 552 ἀλλ’
246 515 522 566 ἀνέστραπται.
538 515 675 556 Utitur
686 526 818 555 autem
831 515 909 556 hoc
920 516 1046 556 verbo
1059 515 1103 556 δι
1117 529 1204 570 pag.
1223 516 1334 570 5491.
1348 530 1388 568 9.

193 566 287 607 Non
307 581 399 608 raro
418 569 561 609 incides
576 569 618 610 δι
635 569 674 609 in
692 570 828 616 locos,
848 569 915 611 ubi
928 582 1113 623 oportere
1134 570 1214 610 hoc
1235 571 1298 610 vel
1319 569 1416 612 iuud

138 614 340 662 ὑπακούειν
353 621 457 663 dicit.
469 621 598 675 Quod
609 623 848 664 vocabulum
862 621 948 664 satis
957 623 1013 664 est
1026 624 1283 677 grammaticis
1290 624 1419 666 Grae·

138 674 194 714 cis
207 673 408 724 ufimum,
425 686 470 716 ut
483 677 627 717 Latinis
632 677 839 731 sabauda,
855 678 892 717 in
906 690 990 730 quo
1000 677 1193 719 Graecam
1213 678 1318 718 illam
1336 693 1417 720 vo-

138 740 224 768 oem
236 729 447 777 imitantur,
459 731 523 771 vel
534 731 666 784 potius
678 730 974 785 repraesentant.
987 730 1097 773 Dicit
1111 745 1211 773 veto
1221 732 1359 773 alicubi
1369 734 1414 775 δι

137 783 458 836 προσυπακοὺειν,
481 797 562 826 non
580 797 625 826 ut
643 783 830 839 significet
848 785 987 838 insuper
1001 785 1207 838 subauofire,
1227 786 1294 827 vel
1310 802 1414 841 prae-

133 836 1416 948 ffi‘ffiffl‘fiss‘effi‘ssssssssffissffiffjgsffiffffl‘ss‘ff

138 945 315 987 ιουστίον
332 947 378 985 ‘rb
395 946 525 996 ἐλθεῖν,
537 958 627 987 cum
643 947 732 988 satis
742 947 833 989 esset
845 944 1117 988 ὑπαιουστᾶον.
1128 949 1264 990 Utitur
1276 949 1416 990 nihilo-

138 998 268 1040 minus
283 999 324 1040 &
341 999 431 1040 alibi
447 999 514 1041 illo
533 1000 813 1056 bicompofito:
829 1012 872 1042 ut
890 1014 977 1055 pag.
991 1015 1071 1055 457
1093 1005 1172 1054 (ut
1185 1003 1284 1044 alios
1301 1004 1415 1044 locos

139 1052 337 1107 omittam)
351 1053 376 1095 l·
389 1068 435 1094 21
443 1085 456 1103 ,
465 1053 521 1104 τᾷ
531 1054 579 1094 δὲ
591 1053 821 1119 &angli-tepor
834 1057 1197 1107 προσυπακουστέον
1209 1060 1254 1096 *rb
1265 1057 1415 1099 ἐκείνου.

138 1105 275 1161 Atque
286 1119 330 1147 ut
341 1119 415 1161 pro
426 1107 648 1163 composito
661 1108 864 1151 υπαιιούειν
877 1110 1004 1151 utitur
1014 1110 1130 1151 etiam
1148 1111 1415 1165 bicompofito

137 1159 451 1213 προσυπαιοὺειν,
466 1162 519 1203 ita
532 1162 694 1205 viciffim
707 1163 868 1219 simplici
887 1164 1034 1205 ἀκούειν
1052 1175 1226 1206 utentem
1237 1166 1416 1220 aliquan-

137 1212 193 1254 do
206 1214 312 1256 illum
327 1215 466 1256 audies.
479 1216 541 1257 sic
554 1217 656 1257 enim
670 1231 709 1272 p.
725 1231 801 1271 ςςο
811 1218 836 1259 1.
855 1231 917 1268 17,
930 1220 976 1258 τὶ
990 1218 1243 1272 ἀπεφαίνομεν
1255 1219 1317 1267 δὲ,
1327 1219 1410 1261 ἀπὶι

137 1267 271 1317 κοινοῦ,
281 1270 355 1310 ἀνω
366 1269 540 1320 κείμενον,
552 1270 767 1313 ἀκουστέον.
778 1272 964 1314 Ceterum
977 1272 1116 1313 alicubi
1126 1274 1167 1314 δι
1181 1274 1412 1315 adverbium

139 1318 264 1373 ἔξωθεν
276 1323 401 1364 verbo
406 1325 590 1376 subaucfire
606 1321 829 1379 significanti
848 1325 1082 1380 praefigere,
1103 1328 1144 1367 in
1162 1327 1410 1382 sequentibus

137 1374 301 1417 docebo.
321 1378 385 1418 Ad
405 1377 563 1432 simplex
578 1391 708 1421 autem
733 1379 879 1420 ἀκούειν
901 1381 1008 1434 quod
1032 1381 1187 1429 attinet,
1205 1395 1298 1423 eum
1317 1383 1412 1425 huic

137 1430 307 1472 tribuere
322 1432 364 1473 δι
377 1431 494 1472 alium
510 1431 559 1473 us
554 1446 621 1472 um
632 1463 646 1480 ,
665 1434 703 1474 id
715 1435 902 1489 quodque
915 1434 1046 1489 postea
1057 1435 1268 1477 ostendam.

191 1483 326 1539 Atque
337 1486 416 1533 hic,
429 1486 470 1526 in
482 1488 678 1528 mentione
688 1489 865 1530 videlicet
876 1501 1016 1531 eorum
1026 1490 1257 1540 verborum,
1265 1492 1411 1546 quibus

136 1536 385 1592 significatur,
400 1541 507 1594 quod
522 1542 647 1582 Latini
664 1543 900 1596 grammatici
920 1543 982 1597 (ut
993 1544 1111 1585 docui
1126 1545 1264 1600 modo)
1273 1546 1411 1598 subau-

136 1593 208 1632 dire
225 1593 378 1641 dicunt,
403 1594 659 1636 omittendum
680 1609 764 1637 non
785 1596 840 1638 est
862 1597 1089 1640 adverbium
1110 1598 1306 1649 δηλονότι,
1324 1614 1412 1655 quo

137 1646 287 1687 nullum
306 1648 546 1690 vocabulum
559 1649 790 1703 ἐξηγητιιὼν
809 1650 1049 1705 frequentius
1060 1653 1102 1693 in
1117 1654 1260 1695 oculos
1278 1654 1412 1696 incur-

137 1700 210 1747 rit,
226 1714 501 1756 quamcunque
513 1704 551 1743 in
565 1705 744 1758 paginam
760 1717 831 1746 eos
842 1718 997 1754 verm,
1013 1706 1058 1748 δι
1071 1721 1155 1760 quo
1171 1708 1270 1749 adeo
1283 1723 1410 1749 κατα.

136 1753 248 1808 κόραις
262 1756 400 1805 utitur,
418 1768 462 1797 ut
471 1757 536 1797 vel
552 1758 731 1799 nauseam
750 1772 883 1813 parere
893 1760 1012 1800 alicui
1023 1761 1150 1815 poffit.
1163 1761 1408 1804 Potiffimum

135 1819 265 1849 autem
287 1810 334 1850 iis
356 1810 485 1851 verbis
503 1811 606 1851 illam
626 1825 769 1853 vocem
789 1813 1012 1867 subiungit,
1033 1828 1135 1869 quae
1153 1815 1411 1859 subaudienda

134 1859 233 1904 sunt.
245 1864 396 1905 Verum
412 1877 463 1905 ex
478 1864 535 1905 bis
554 1865 628 1906 alia
642 1866 796 1918 quidem
811 1867 892 1907 ἀπὶ
912 1865 1033 1909 κοινοῦ
1042 1898 1055 1917 ,
1071 1868 1090 1922 (
1129 1871 1209 1910 uod
1222 1870 1410 1924 loquendi

134 1928 256 1977 genus
269 1930 383 1958 antea
403 1917 625 1970 expositum
644 1919 735 1974 fuit)
755 1922 829 1962 alia
847 1933 978 1962 autem
999 1923 1076 1964 coll
1207 1925 1337 1966 uidem
1355 1938 1410 1966 ex

133 1970 183 2011 1is
193 1999 206 2019 ‚
223 1985 326 2024 quae
340 1972 441 2023 apud
453 1971 573 2026 ipsum
588 1972 812 2027 scriptorem
826 1975 1130 2029 praecesserunt,
1141 1938 1206 2019 seg
1218 1979 1287 2026 ita,
1304 1992 1350 2021 ut
1369 1980 1408 2020 id

134 2026 242 2077 quod
257 2025 380 2066 sensui
401 2026 702 2068 consentaneum
719 2028 788 2076 sit,
816 2042 898 2070 non
920 2041 1050 2071 autem
1073 2031 1240 2085 aliquam
1261 2046 1407 2075 vocem

135 2088 205 2118 aut
221 2079 366 2133 aliquas
381 2093 503 2122 voces
514 2094 565 2122 ex
578 2080 660 2135 ipso
672 2092 785 2124 textu
798 2082 940 2125 sumtas
951 2082 1164 2126 subaudiat.
1184 2085 1283 2127 Sunt
1302 2101 1406 2129 vero

137 2131 182 2175 δι
193 2145 294 2185 quae
311 2133 603 2183 subaudiuntur,
615 2135 749 2176 σιἰοθεν
771 2139 935 2178 omnino
954 2138 1082 2179 allata.
1097 2140 1232 2194 Atque
1252 2152 1297 2181 ut
1310 2142 1408 2182 inci·

134 2185 240 2238 piam
255 2187 306 2228 ab
327 2187 394 2236 iis,
415 2201 516 2242 quae
536 2189 617 2229 ἀπὸ
641 2189 759 2231 κοινοῦ
781 2190 904 2232 sumta
921 2191 1217 2242 subaudiuntur,
1239 2194 1405 2249 legimus

133 2251 223 2293 pag.
235 2253 315 2290 4¹0
323 2241 350 2281 1.
362 2257 388 2291 4
396 2271 410 2288 ,
428 2243 668 2308 ἀνεχώρησαν
680 2244 727 2284 «Ρὲ
739 2245 806 2284 καὶ
825 2244 857 2285 οἱ
869 2245 1048 2287 Ἀθηναῖοι
1059 2247 1151 2288 ταῖς
1167 2247 1302 2290 ἑιιατδν
1315 2265 1408 2291 ναυ-

134 2292 211 2342 σὶν,
222 2292 356 2335 {ruhi
370 2296 436 2335 καὶ
450 2296 602 2338 ἑιιεινους
613 2294 727 2339 sisar.
739 2299 808 2340 ubi
821 2299 1037 2342 scholiastes
1045 2331 1060 2349 ‚
1076 2299 1406 2356 ἀναχωρήσαντας

134 2343 323 2389 sumam.
333 2348 396 2390 sic
407 2361 506 2390 vero
521 2351 562 2390 in
573 2351 760 2413 plerisque
773 2353 870 2394 locis
883 2355 1074 2402 invenies,
1085 2355 1219 2396 ἐπειδὴ
1232 2357 1299 2397 καὶ
1310 2357 1406 2397 ἐκεῖ.

135 2412 215 2440 νους
228 2399 349 2452 ἑώρων,
366 2414 433 2444 aut
445 2403 523 2445 hoc
535 2403 659 2459 ipsum
670 2405 780 2455 εῐὲον,
794 2407 862 2447 ubi
874 2408 1002 2448 itidem
1015 2410 1276 2464 praecedentis
1291 2412 1402 2452 verbi
