1690 3120
308 196 403 257 264
506 193 1385 245 ANNOTATIONES

256 314 261 319 -
309 285 502 326 ruditione
514 283 721 326 instructus
731 316 746 334 ,
762 285 894 340 quales
906 285 1157 340 exscriptores
1170 287 1399 341 plerumque
1409 285 1516 328 fuisse
1525 287 1582 328 sat

306 338 467 380 constat.
489 339 680 393 Exemplo
694 339 762 387 fit,
782 341 888 394 quod
908 353 1000 394 prae
1014 342 1191 382 manibus
1203 342 1410 387 habemus,
1431 341 1582 382 ἐπικαί-

306 407 389 447 ρως,
405 405 486 434 non
499 404 652 434 tantum
663 394 844 435 hocloco
857 393 1041 435 vitiosum
1050 425 1065 442 ,
1082 394 1144 437 sed
1158 396 1250 436 &in
1263 395 1396 437 Suida:
1413 394 1580 435 Ἐπικαί-

305 462 373 499 ρως
392 447 709 499 παραπλέοντας,
727 448 907 488 τουτέστι
923 447 1016 499 μίαν
1030 446 1385 502 παρακολουθοῦσαν
1397 447 1446 499 τῇ
1458 447 1581 503 ἑτέρᾳ.

307 501 351 541 &
371 502 410 541 in
431 501 608 542 Maximo
631 502 764 555 Tyrio
780 501 937 542 Differt.
961 502 1057 549 XC,
1074 503 1230 556 quando
1246 517 1365 543 cervas
1385 502 1437 543 ait
1461 514 1580 542 natare

307 551 437 607 ἕᾶσπες
451 555 714 608 στρατόπεέον
724 556 922 608 ἐπικαίρως
933 555 1100 604 βαέίζον,
1111 557 1179 597 ubi
1193 555 1279 610 (etsi
1291 556 1580 597 inemendatum

304 609 462 663 reliquit
475 608 679 663 Heinfius)
695 610 858 651 omnino
879 609 1082 663 legendum
1102 610 1166 652 ἐπὶ
1187 612 1309 664 κέρως.
1330 611 1433 664 apud
1454 609 1581 650 Athe·

306 676 449 705 naeum
463 676 646 717 quoque,
662 665 701 704 in
719 664 859 705 Eubuli
872 663 1046 705 versibus
1057 664 1120 704 lib.
1138 677 1295 718 13,pag.
1313 665 1406 719 568,
1428 666 1582 718 γυμνὰς

306 716 440 768 ἐφεξῆς
454 717 651 770 ἐπικαίρως
663 717 922 773 τεταγμένας.
933 731 1010 758 —nec
1022 720 1122 758 enim
1139 718 1361 759 dubitamus
1382 719 1424 759 δι
1450 717 1512 758 hic
1533 717 1582 758 sl-

308 772 450 812 militer
462 771 670 812 rescribere
681 803 691 821 ‚
709 773 887 826 quamvis
897 772 1044 812 erudita
1055 772 1146 821 sint,
1159 785 1260 826 quae
1273 773 1320 813 de
1330 772 1394 813 ε’πι
1460 771 1524 824 spa>
1536 771 1580 812 δε

307 825 477 879 ἐνσχερὼ
492 824 606 866 affert
619 825 884 867 Casaubonus.
905 838 950 867 ac
971 826 1056 866 deni
1084 839 1134 867 ue
1153 827 1191 866 in
1210 826 1405 868 nonnullis
1515 826 1582 866 ici-

306 879 384 920 hus
397 880 640 932 Thucydidis
653 880 771 921 nostri
786 880 852 921 lib.
865 881 889 920 6
900 910 913 928 ,
929 880 996 920 ubi
1009 893 1050 920 re
1089 881 1149 921 ius
1161 881 1294 921 hodie:
1310 880 1374 920 καὶ
1389 880 1453 921 ἐπὶ
1471 880 1581 932 κέρως

305 936 353 973 τὸ
374 932 518 986 πρῶτον
534 933 830 976 ἐκπλεύσαντες.
849 934 959 987 Quid
971 947 1070 975 vero
1083 934 1233 975 locutio
1247 933 1324 989 ipsa
1334 935 1505 980 denotet,
1516 946 1584 973 ex-

306 987 436 1042 posuit
449 988 536 1028 alibi
552 987 796 1038 Scholiastes,
813 1001 952 1042 nempe
967 989 1014 1028 ad
1033 988 1128 1030 haec
1146 989 1204 1036 11,
1220 1002 1273 1043 90
1284 1017 1296 1037 ,
1317 987 1460 1029 istim&
1480 986 1527 1028 ἑὲ
1547 987 1583 1027 οἱ

308 1040 593 1084 Πελοποννήσιοι
605 1045 711 1082 κατα
721 1043 813 1094 μίαν
823 1043 886 1083 ἐπὶ
896 1042 1002 1096 κέρως
1015 1043 1324 1096 παραπλέοντας.
1333 1040 1582 1083 Scholiastes:

307 1092 440 1136 ὡσανεὶ
460 1095 587 1150 ἕλε’γε·
607 1097 698 1147 μίαν
717 1095 1074 1136 κατακολουθοῦσιν
1089 1096 1139 1148 τῇ
1159 1095 1282 1150 ἑτέρα.
1299 1095 1412 1136 τοῦτο
1430 1097 1514 1148 ’γᾶς
1533 1098 1581 1134 τδ

308 1150 374 1190 ἐπὶ
388 1150 497 1202 κέρως
506 1150 630 1191 δηλοῖ.
641 1150 734 1190 Non
744 1163 840 1205 ergo
853 1150 924 1191 fuit
933 1151 1045 1197 ratio,
1061 1163 1134 1191 cur
1147 1150 1312 1192 Aeacius
1325 1149 1584 1191 Enenckelius

307 1204 415 1245 Porti
431 1205 787 1259 interpretationem
800 1235 815 1252 ,
835 1218 954 1258 quam
977 1203 1047 1245 fibi
1073 1205 1246 1258 ignotam
1261 1217 1343 1245 non
1359 1203 1470 1248 fuiss'e
1487 1203 1582 1246 fate*

307 1269 372 1299 tur
387 1259 425 1299 in
437 1259 540 1300 notis
552 1290 563 1307 ,
582 1259 794 1312 negligeret
807 1289 818 1308 ,
840 1258 1019 1312 hancque
1036 1257 1277 1299 substitueret
1290 1271 1378 1313 pag.
1396 1257 1487 1311 289,
1505 1272 1583 1298 cum

309 1330 331 1354 ο
350 1324 497 1367 portune
514 1325 638 1354 ceterae
654 1329 782 1367 quoque
794 1329 899 1353 naves
911 1313 1085 1366 vemffint.
1104 1311 1345 1353 Winsemius
1363 1312 1409 1352 ad
1430 1318 1582 1364 tempus

326 1379 502 1415 uturum,
548 1379 752 1421 ugnaeque
765 1368 1101 1422 opportunitatem
1115 1365 1284 1421 spectare
1299 1365 1514 1419 ἐπικαίρως,
1527 1365 1584 1405 iu-

267 1417 273 1427 ’
308 1422 439 1462 dicans
451 1450 462 1466 ,
480 1433 518 1461 ta
532 1434 595 1462 em
609 1421 729 1461 dedit:
749 1422 950 1475 reliquarum
963 1421 1106 1461 navium
1126 1422 1199 1461 acie
1219 1423 1268 1460 ad
1281 1421 1507 1461 dimicandum
1527 1420 1583 1459 in-

303 1478 439 1529 flrubla.
451 1474 508 1514 At
520 1475 796 1516 Ablancurtius
809 1475 919 1528 plane
937 1487 1086 1515 novam
1103 1473 1236 1514 finxit:
1253 1474 1283 1513 le
1303 1476 1379 1528 reste
1390 1476 1586 1514 demeurant
1646 1450 1667 1477 ’Ἰ

303 1531 383 1586 Ρνὲς
394 1531 434 1569 de
447 1530 483 1569 la'
493 1545 582 1583 pour
592 1529 628 1569 la
634 1531 719 1581 plus
729 1531 857 1584 grande
868 1528 993 1581 fiir-ete‘.
1007 1528 1066 1569 Ita
1079 1529 1261 1569 nimirum
1283 1527 1348 1569 ille
1365 1530 1409 1568 το
1424 1527 1584 1567 ἐπικαί-

308 1598 377 1638 ρως
395 1582 502 1636 ἔχειν
515 1585 586 1624 τὰς
605 1584 734 1623 ἄλλας
747 1584 976 1624 vertendum
995 1581 1140 1623 censuit
1157 1597 1196 1637 p.
1221 1581 1286 1632 48.
1298 1582 1486 1624 GRAMM.
1499 1580 1583 1622 Ad·
1648 1619 1651 1622 ,
1679 1571 1686 1594 ²

309 1639 381 1684 de,
403 1650 503 1691 quae
521 1648 682 1678 annotat
695 1637 882 1678 Kusterus
897 1637 944 1677 ad
962 1636 1121 1678 Suidam
1133 1651 1173 1676 v,
1187 1636 1400 1690 ἐπικαίρως.
1413 1633 1485 1676 Ms.
1501 1648 1582 1676 non

307 1692 425 1732 habet
438 1691 514 1733 hoc
526 1691 716 1732 scholion:
729 1692 835 1745 quod
851 1701 1081 1744 argumento
1093 1690 1161 1740 est,
1174 1691 1212 1730 in
1224 1689 1323 1730 Cod.
1339 1690 1406 1730 illo
1418 1688 1584 1741 Thucy-

308 1747 427 1793 didis,
447 1759 470 1786 e
488 1759 572 1799 quo
593 1746 766 1787 librarius
786 1745 929 1787 scholia
948 1743 1157 1800 descripsit,
1180 1753 1264 1785 non
1286 1742 1497 1798 ἐπικαίρως,
1518 1742 1583 1784 sed

307 1801 373 1843 ἐπὶ
385 1800 494 1852 κέρως
506 1799 625 1840 fuiffe.

365 1857 439 1894 ead.
453 1855 479 1894 l.
493 1869 555 1895 22.
569 1853 751 1906 Πολεμεῒν
762 1853 922 1894 svmtbv
934 1851 1072 1907 ἔσοιτο)
1085 1853 1177 1893 Hoc
1188 1863 1348 1906 quoque
1361 1849 1463 1892 abest
1474 1863 1496 1891 a
1507 1849 1583 1892 ΜΓ.

306 1907 393 1950 Nec
407 1907 460 1949 est
473 1921 548 1949 cur
566 1908 676 1949 aliter
698 1909 996 1963 interpretemur
1010 1907 1234 1958 πολεμητέα
1244 1937 1258 1956 ,
1274 1918 1391 1961 quam
1405 1905 1480 1946 alia
1494 1917 1583 1949 ver·

307 1963 410 2004 halla
427 1963 466 2002 in
479 1965 562 2003 τέον
581 1963 624 2002 &
641 1962 727 2002 τέα.
1524 1965 1530 1971 ’

363 2020 437 2057 ead.
452 2016 475 2055 l.
490 2030 552 2067 27.
568 2013 670 2057 Ναῢς
690 2015 831 2056 ναυτῶν
844 2013 1071 2070 πληροῦσιν)
1085 2014 1143 2057 Ita
1162 2013 1263 2054 edidi
1281 2026 1330 2054 ex
1350 2012 1582 2054 auctoritate

309 2070 382 2112 Ms.
395 2071 435 2111 δι
450 2070 675 2112 εοηὶεᾶυτει
689 2071 801 2110 Aem.
820 2069 942 2110 Porti.
954 2071 1058 2109 Ante
1069 2078 1152 2109 erat
1165 2066 1252 2108 ναῦν
1267 2082 1296 2108 ν.
1309 2083 1354 2108 π.

365 2126 458 2178 Pag.
477 2138 562 2174 54¹·
576 2125 601 2163 l.
616 2138 652 2167 2.
664 2123 755 2164 Τοὺς
767 2124 920 2164 ἐναντία
942 2123 1166 2176 ’γενομένους
1180 2119 1376 2162 ἀπολῦσαι
1397 2117 1581 2171 ἀνεξετά-

308 2179 430 2226 στως)
446 2179 536 2218 Hoc
549 2190 630 2218 non
643 2176 768 2230 potest
780 2177 938 2231 intelligi
948 2207 960 2224 ‚
977 2189 1049 2216 nec
1063 2189 1111 2216 ea
1124 2175 1179 2217 est
1189 2175 1400 2215 verborum
1412 2173 1582 2226 Thucy-

307 2232 403 2272 didis
413 2261 424 2278 ,
446 2233 532 2271 τινα
551 2230 776 2271 αἰτιαθέντα
790 2230 1024 2283 ἀνέλεγκτον
1039 2227 1258 2284 διαφυγεῖν,
1269 2227 1464 2270 sententia.
1478 2227 1583 2268 Scri-

307 2286 476 2327 bendum
490 2284 642 2326 videtur
651 2283 739 2325 τοὺς
751 2284 785 2325 ἐν
798 2283 905 2335 αἰτία
915 2284 1157 2337 γενομένους,
1170 2283 1234 2324 vel
1244 2282 1471 2337 γινομένους,
1484 2281 1582 2322 απο-

307 2338 424 2381 λῦσαι
443 2337 545 2390 ἀνεξ.

359 2395 434 2433 ead.
443 2393 467 2431 I.
476 2391 706 2442 4.Γενομένην
717 2391 752 2432 ἐν
759 2390 992 2432 τελευταίοις
1004 2391 1095 2444 χρ.)
1108 2390 1163 2430 Ἐν
1173 2388 1252 2430 τοῖς
1263 2387 1501 2429 τελευταίοις
1509 2402 1579 2442 χρ.

359 2449 434 2487 ead.
445 2446 469 2486 l.
483 2460 545 2495 24.
563 2445 646 2486 Τοῖς
660 2445 769 2499 πρὶν)
788 2445 892 2485 Ante
903 2445 998 2485 haec
1011 2445 1056 2484 ad
1069 2443 1230 2496 seiospov
1243 2453 1473 2483 annotatum
1491 2453 1575 2487 erat

303 2498 462 2549 διήνυον,
477 2500 519 2545 δι
531 2500 577 2542 ad
590 2501 644 2542 τὰ
661 2499 705 2542 δὲ
721 2496 831 2543 ἄλλα
840 2529 854 2548 ,
871 2499 920 2542 ad
931 2498 1170 2542 indicandam
1180 2495 1325 2554 ellipsin
1334 2528 1348 2549 ,
1364 2496 1488 2542 κατά..

1657 2443 1674 2462 ¹³¹?
1687 2448 1690 2455 ι
