1690 3120
335 246 397 295 68
537 243 1414 295 ANNOTATIUNES

334 337 374 378 ts
380 338 453 378 ίους
463 341 552 379 ante
566 336 820 393 συμμάχους,
830 338 871 380 &
883 351 931 379 ea
940 339 1106 393 reposita
1119 338 1196 396 legi
1209 341 1370 390 debere,
1381 339 1537 397 ἔχοντες
1550 334 1612 383 οὗ·

333 406 393 433 τοι
410 392 496 432 τοὺς
517 391 898 446 ὶὸίουςοίυμμάχους.
916 393 1070 434 STEPH.

389 448 462 486 ead.
483 447 508 486 L
529 460 569 494 7.
586 441 770 499 ’Ἔχοντες
790 446 923 500 φόρους
947 444 1026 500 οὐχ
1051 446 1183 502 ὑποτ.)
1209 447 1389 490 Caecutit
1411 449 1489 491 hoc
1514 449 1615 492 loco

334 499 464 540 noster
482 499 728 548 Scholiastes,
753 513 844 540 cum
869 501 964 541 dicit
982 501 1139 554 ἔχοντες
1155 502 1288 556 φόρους
1302 500 1381 558 οὐχ
1396 499 1610 546 ὑποτελεῖς.

333 555 447 607 Quid
471 555 571 594 enim
596 555 653 595 his
671 555 838 596 vocibus
863 554 1066 608 significari
1087 556 1200 596 nobis
1216 557 1342 598 dicere
1391 557 1514 598 oss'et?
1537 558 1611 600 Sed

362 610 444 655 rius
457 609 751 662 interrogandus
770 608 883 656 esset,
902 622 1074 662 quonam
1091 609 1169 650 alio
1182 611 1225 655 in
1238 610 1333 651 loco
1353 611 1435 652 ilas
1451 611 1608 666 legisset.

379 664 511 703 aberet
522 675 626 704 certe
641 662 810 709 nullum,
832 662 1150 717 quem-proferret
1161 695 1173 714 ‚
1191 663 1260 704 nifi
1275 664 1376 706 forte
1387 667 1427 705 in
1443 665 1610 720 aliquem

333 718 472 757 eodem
481 728 711 772 corruptum
728 716 1056 758 modo-incidisset.
1071 718 1146 758 Sed
1156 730 1205 758 ne
1218 718 1285 759 iste
1294 719 1450 772 quidem
1464 720 1503 759 in
1518 733 1613 761 cun.

325 772 404 812 ctis
419 772 617 813 invenitur
635 771 916 824 exemplaribus
928 771 1181 826 depravatus:
1199 773 1369 826 cum(ut
1382 773 1513 814 videre
1529 774 1610 829 est)

330 826 451 867 lectio
467 826 539 867 alia
560 825 605 865 slt
624 826 663 865 in
683 825 789 873 aliis,
805 825 915 879 φόρου
939 826 1141 867 nimirum:
1164 835 1280 880 quam
1297 827 1338 867 &
1351 827 1418 879 ista
1432 828 1553 868 editio
1571 828 1611 869 in

335 890 522 920 contextu
541 879 677 929 habet,
693 879 788 919 ficut
800 880 958 919 alteram
970 879 1073 922 illam
1084 881 1125 919 in
1140 881 1327 933 margine.
1339 880 1464 922 Reae
1479 893 1609 922 autem

333 934 444 975 scribi
459 934 585 987 φόρου,
601 947 678 973 non
694 934 840 986 φόρους,
851 934 1130 987 quamplurimi
1146 933 1209 974 vel
1223 933 1388 975 eiusdem
1403 935 1611 989 Tmcydi-
1680 975 1681 979 ,

335 989 391 1028 dis
406 987 589 1028 testantur
602 988 692 1028 loci,
714 988 870 1029 STE-PH.
891 987 933 1026 L,
955 987 993 1036 1,
1009 1002 1042 1028 c.
1066 988 1128 1041 56,
1142 987 1285 1051 ἑαυτᾷν
1304 987 1350 1028 ἑὲ
1367 988 1612 1043 ξυμμάχους
1675 1017 1679 1034 1

327 1042 445 1095 ’φόρου
458 1041 671 1090 ὑποτελεῖς,
690 1042 731 1082 &
746 1042 844 1089 VII,
858 1055 890 1082 c.
907 1054 968 1094 57,
989 1042 1054 1082 καὶ
1070 1040 1144 1082 τῶν
1156 1042 1225 1093 μὲν
1235 1043 1405 1083 υπηκὸων
1417 1044 1484 1084 καὶ
1497 1044 1611 1098 φόρου
1676 1068 1678 1071 -

333 1095 539 1138 ὑποτελῶν.
561 1096 702 1136 Huns.
715 1096 866 1136 Totum
879 1095 955 1135 hoc
969 1095 1143 1136 scholion
1159 1096 1266 1136 abest
1278 1109 1301 1136 a
1316 1096 1414 1138 Caff.

389 1154 464 1190 ead.
478 1152 502 1189 l.
517 1150 554 1190 8.
567 1152 812 1204 Ξυμμέιχους
832 1147 1010 1204 ἧγοῦντο)
1033 1150 1290 1190 Halucinatur
1302 1150 1364 1191 hic
1376 1151 1611 1201 non-minus,
1676 1142 1679 1151 ¹

330 1217 407 1245 nec
425 1205 579 1245 minore
600 1217 690 1245 cum
713 1204 913 1258 periculo,
931 1217 1048 1257 quam
1067 1205 1106 1243 in
1122 1217 1191 1252 ee,
1215 1205 1283 1258 qui
1304 1206 1484 1258 proxime
1497 1219 1611 1259 prae-

330 1259 435 1298 cedit
445 1259 574 1306 ,-loco.
588 1257 819 1311 Quomodo
833 1257 934 1298 enim
949 1258 1160 1298 concedere
1171 1258 1249 1299 hoc
1265 1257 1464 1312 possumus
1474 1289 1488 1306 ,
1501 1260 1610 1300 Thu-

330 1313 512 1366 cydidem
537 1311 653 1352 talem
677 1311 883 1366 antiptofin
902 1311 971 1351 fibi
994 1311 1221 1366 permisisse,
1243 1323 1288 1353 ut
1309 1314 1424 1353 etiam
1452 1311 1610 1367 ἡγοῦντο
1667 1364 1672 1367 v

335 1366 422 1406 τοὺς
442 1367 682 1420 συμμάχους
698 1379 772 1420 pro
784 1365 856 1406 τῶν
868 1368 1095 1421 συμμάχων
1113 1366 1238 1406 dicere
1252 1367 1430 1414 auderet,
1449 1368 1546 1421 quin
1564 1367 1610 1407 il-

331 1420 408 1462 lius
422 1420 588 1460 sermoni
603 1421 782 1460 iniuriam
794 1419 980 1460 faciamus
992 1450 1003 1468 ,
1021 1419 1178 1474 perinde
1193 1420 1283 1460 acsi
1298 1420 1471 1475 exlegem
1485 1422 1610 1462 omni·
1668 1455 1671 1457 ,

336 1488 391 1514 no
418 1474 492 1515 esse
517 1473 795 1516 clamaremus?
822 1474 929 1514 Facit
951 1486 1082 1514 autem
1109 1475 1350 1528 participium
1376 1475 1545 1530 ἔχοντες,
1563 1486 1609 1516 ut

332 1529 493 1569 minime
507 1528 653 1570 necesse
667 1528 712 1568 fit
722 1560 734 1579 ,
748 1528 914 1569 verbum
930 1525 1191 1582 ἡγοῦντο-ειη]
1207 1529 1432 1570 accusativo
1447 1528 1517 1570 illo
1529 1530 1610 1570 iun-

331 1595 447 1636 gere:
467 1596 556 1624 nam
579 1583 642 1624 ille
666 1582 912 1624 accusativus
937 1583 983 1622 ad
1007 1583 1252 1635 participium
1273 1582 1445 1637 ἔχοντες,
1462 1597 1545 1624 non
1561 1585 1609 1625 ad

334 1638 502 1678 verbum
517 1634 673 1692 ἡγοῦντο
683 1667 695 1685 ,
709 1637 886 1692 pertinet.
904 1636 1058 1677 Srl-:Pi-r.
1075 1637 1118 1676 In
1132 1636 1233 1677 Cass‘.
1248 1638 1403 1691 quidem
1421 1637 1535 1678 etiam
1553 1638 1608 1678 le-

334 1693 438 1745 gitur
447 1691 528 1732 hoc
540 1691 715 1732 scholion
726 1722 739 1741 ,
758 1690 820 1731 sed
838 1690 950 1731 fimul
969 1689 1083 1744 super
1098 1687 1262 1744 ἦγοῦντο
1278 1690 1461 1745 scriptum
1476 1691 1531 1732 est
1542 1690 1610 1733 οιῦ-

335 1745 421 1788 stau.
443 1746 550 1800 quod
569 1747 636 1800 qui
654 1744 846 1798 adscripsit
858 1776 869 1793 ,
887 1745 990 1785 recle
1008 1746 1160 1798 putavit
1182 1745 1221 1785 id
1235 1745 1488 1799 supplendum
1507 1744 1609 1794 effe,
1664 1783 1666 1787 .

335 1813 409 1841 nec
421 1799 691 1854 coniungenda
706 1800 827 1840 verba
838 1798 923 1840 τοὺς
939 1798 1173 1853 ξυμμάχους
1185 1796 1361 1853 ἧγοῦντο.
1659 1835 1663 1843 ,

389 1857 462 1894 ead.
478 1855 503 1894 l.
519 1867 580 1894 10.
599 1853 778 1909 Ἡγοῦντο
792 1852 986 1907 smm'm)
1008 1851 1137 1893 Immo
1149 1866 1246 1894 vero
1259 1854 1348 1893 κατ’
1368 1851 1607 1908 ὀλιγαρχία*
1656 1852 1658 1854 ’

334 1920 418 1948 non
430 1908 604 1962 iungitur
618 1921 707 1949 cum
722 1905 898 1962 ἡγοῦντο,
917 1906 1053 1961 (quod
1068 1917 1266 1961 repetatur
1283 1907 1363 1947 ἀπο
1385 1907 1523 1961 κοινοῦ)
1544 1906 1607 1948 sed

331 1975 426 2003 cum
439 1961 703 2004 ’πολετεὺο-ωσι.
721 1961 822 2002 Cum
838 1961 988 2002 aliunde
1000 1972 1128 2001 autem
1140 1990 1151 2007 ‚
1164 1971 1246 2001 tum
1267 1962 1379 2002 etiam
1394 1974 1446 2001 ex
1460 1961 1536 2001 hoc
1544 1960 1607 2002 lo-

333 2029 388 2056 co
398 2046 410 2064 ,
423 2015 578 2070 aliisque
588 2015 831 2063 huiusmodi,
848 2015 1003 2056 Scholia
1014 2015 1107 2055 haec
1121 2014 1321 2067 symmiaa
1334 2014 1409 2055 effe
1422 2015 1465 2056 &
1479 2015 1607 2055 diver-

331 2068 391 2114 sas
409 2069 651 2112 diversorum
665 2069 929 2124 expositiones
947 2069 1088 2110 alicubi
1103 2068 1244 2109 habere
1258 2080 1435 2123 apparet:
1456 2081 1528 2109 nec
1542 2067 1608 2109 so-

331 2123 416 2169 lum
431 2123 618 2171 diversas,
641 2123 704 2164 sed
716 2122 939 2177 quibusdam
953 2123 992 2162 in
1009 2122 1105 2164 locis
1116 2122 1160 2163 δι
1174 2124 1398 2164 contrarias.
1412 2123 1488 2163 Hic
1499 2132 1606 2164 certe

332 2179 458 2231 prima
471 2178 664 2241 expositio
675 2177 702 2217 l.
721 2191 767 2217 10
781 2178 902 2218 verba
922 2176 988 2216 ista
997 2205 1010 2224 ‚
1022 2177 1114 2217 κατ’
1128 2177 1360 2231 ὀλιγαρχίαν
1372 2176 1436 2224 ἑὲ,
1449 2189 1606 2231 praece-

332 2232 511 2278 dentibus
525 2233 668 2287 1ungit,
689 2232 855 2285 ideoque
870 2228 1028 2285 ἡγοῦντο
1042 2231 1288 2283 repetendum
1308 2230 1445 2272 censet.
1456 2231 1606 2272 ‘Secun-

332 2286 382 2326 da
403 2287 529 2341 (mox
550 2285 740 2341 sequens)
768 2298 858 2326 cum
883 2285 1031 2325 nullam
1057 2285 1296 2325 mentionem
1316 2283 1428 2326 faciat
1447 2285 1604 2325 illorum
1647 2291 1651 2294 ’

332 2342 546 2381 verborum
567 2340 656 2380 κατ’
669 2339 900 2394 ὀλιγαρχίαν
912 2338 970 2388 sk,
985 2339 1301 2392 praecedentibus
1315 2338 1358 2379 &
1373 2338 1451 2393 ipsa
1462 2337 1606 2379 iunxis-
1646 2372 1648 2377 .

332 2392 372 2435 se
384 2394 479 2435 haec
492 2395 615 2435 videri
626 2393 753 2448 'poffin
769 2394 905 2434 Tertia
921 2392 1063 2447 (quam
1078 2393 1196 2432 habes
1211 2392 1321 2433 alteri
1334 2391 1572 2433 subiunGiam
1644 2428 1647 2434 Ξ

331 2460 381 2494 ea
394 2449 547 2490 demum
562 2447 638 2495 est,
651 2461 700 2489 ex
714 2460 792 2502 qua
804 2448 910 2501 iungi
928 2446 1174 2501 sequentibus
1188 2447 1347 2494 debere,
1364 2447 1405 2487 δι
1417 2446 1517 2487 dicta
1527 2459 1550 2487 e
1579 2459 1603 2488 e
1678 2493 1681 2501 s

331 2515 401 2556 per
415 2501 710 2556 appofitionem,
727 2503 789 2556 (ut
810 2501 1051 2555 grammatici
1063 2500 1186 2554 vulgo
1197 2500 1437 2555 loquuntur)
1461 2500 1604 2542 discere
1689 2502 1690 2510 ¹

323 2555 543 2611 postumus,
560 2556 755 2612 quamvis,
771 2558 998 2612 quicunque
1011 2555 1093 2596 eius
1107 2557 1161 2596 est
1172 2554 1324 2606 auctor,
1337 2555 1390 2596 ita
1402 2555 1602 2610 loquatur,
