1690 3120
350 230 413 263 20
651 208 1334 262 HSTEPHANI

348 309 412 339 tur
425 298 470 338 de
483 297 528 338 iis
538 328 552 346 ,
570 311 670 352 quae
684 298 969 353 supervacanea
983 299 1086 349 sunt,
1106 301 1203 342 ficut
1216 301 1258 342 δι
1269 314 1315 343 ea
1327 300 1491 355 περιττὰ
1511 296 1625 351 sirie}

347 353 412 392 vel
424 353 625 405 παρέλκειν
638 353 743 402 dicit,
760 354 1087 407 quemadmodum
1099 366 1212 396 antea
1225 356 1353 397 docui.
1368 357 1458 397 Hoc
1469 366 1624 397 tantum

347 407 463 453 addo,
476 407 615 447 alicubi
629 407 681 447 illi
692 407 876 459 περιττῶς
889 421 1091 462 opponere
1106 409 1341 463 ἀναγκαίως.
1354 410 1480 451 Unius
1491 410 1624 451 saltem

347 460 425 500 loci
442 461 622 508 memini,
640 461 708 515 qui
720 460 774 501 est
786 474 875 515 pag.
892 461 1007 515 4581.
1026 477 1042 502 1
1057 476 1090 511 1,
1103 462 1120 502 ὅ
1134 463 1180 504 st
1192 464 1260 503 καὶ
1275 463 1485 517 σύνδεσμος
1499 462 1624 511 noma

347 513 486 569 ριττῶς
501 513 648 562 κεῖται,
671 515 761 555 ἀλλ’
781 515 1017 569 ἀναγκαίως.
1177 543 1186 551 -

401 568 505 608 Cum
525 568 606 609 aliis
623 570 736 609 etiam
754 569 946 610 adverbiis
965 569 1092 610 verbo
1110 569 1179 611 illo
1198 570 1351 613 κεῖσθαι
1362 571 1507 612 utitur:
1522 583 1624 626 quo-

347 636 434 663 rum
447 635 469 662 e
482 635 649 663 numero
662 622 716 663 est
734 623 873 676 κυρίως·
892 623 930 662 id
951 622 1006 663 est
1013 625 1147 678 proprie
1156 655 1169 673 ‚
1183 624 1267 665 five
1283 626 1321 664 in
1330 626 1624 680 propriafignifi-

346 678 490 717 catione.
506 677 607 716 Nam
617 677 775 730 aliquod
786 677 1027 717 vocabulum
1039 678 1181 718 dicitur
1194 679 1325 732 κυρίως
1334 680 1503 728 κεῖσθαι,
1511 678 1625 773 ἕψει-

347 730 377 771 fi
397 731 482 785 quis
500 732 598 772 dicat
615 732 748 784 proprie
761 733 910 786 pqfitum
929 730 1022 786 effe)
1047 732 1112 772 cui
1127 730 1220 772 suus
1237 732 1491 787 propriusque
1536 744 1623 775 atus

347 784 402 825 est
425 784 535 825 usus:
557 784 797 839 viciffimque
824 781 863 824 οὗ
888 786 1016 839 κυρίως
1037 785 1216 833 κεῖσθαι,
1241 799 1325 840 quo
1342 787 1431 841 quis
1454 787 1508 827 ita
1529 786 1625 829 usus

346 838 413 887 fit,
431 850 475 879 ut
489 839 605 879 alium
622 852 737 892 quam
754 839 959 893 proprium
981 838 1094 879 usum
1109 840 1268 880 dederit.
1283 841 1423 894 Neque
1440 854 1540 881 vero
1558 841 1623 883 hic

346 894 550 947 proprium
571 892 680 933 usum
698 893 908 946 intelligere
927 894 975 934 de
997 906 1047 933 eo
1066 903 1245 947 oportet,
1261 895 1331 948 qui
1351 895 1623 949 metaphorice

347 948 577 1001 opponitur,
593 946 713 1001 (ficut
729 949 803 988 τὰς
823 946 951 1000 κυρίας
973 947 1095 999 λέξεις
1109 948 1286 988 videmus
1304 948 1394 988 ταῖς
1413 963 1624 1002 μεταφορι-

347 1002 436 1041 καῖς
455 1001 520 1041 seu
540 1000 740 1054 τροπικαῖς
760 1001 929 1054 opponi:
951 1001 992 1041 δι
1013 1001 1111 1041 ficut
1135 1002 1186 1041 ab
1210 1001 1289 1042 hoc
1315 1000 1399 1057 ipso
1426 1002 1624 1044 scholiaste

346 1058 525 1108 τροπικὴν
548 1055 686 1096 vocari
713 1055 954 1095 vocabulum
981 1055 1212 1108 στορέσωμεν
1237 1056 1336 1104 dixi,
1353 1069 1446 1097 cum
1471 1055 1623 1108 scribit,

347 1110 522 1150 omnium
536 1107 735 1163 τροπικῶν,
748 1122 849 1162 quae
861 1109 964 1162 apud
974 1109 1247 1161 Thucydidem
1258 1109 1411 1150 exstant
1421 1141 1433 1160 ‚
1451 1111 1625 1152 vocabu·

346 1162 476 1203 lorum
493 1162 566 1203 effe
583 1161 820 1204 duriffimum
832 1162 850 1216 )
863 1161 926 1203 sed
940 1163 987 1203 de
1005 1175 1078 1209 eo,
1094 1163 1162 1216 qui
1176 1163 1316 1204 abusus
1329 1164 1485 1218 potius,
1502 1178 1622 1219 quam

346 1216 456 1264 usus,
475 1217 722 1271 appellandus
735 1216 801 1256 fit:
821 1217 919 1257 adeo
935 1227 979 1257 ut
994 1217 1242 1271 ἁκυριολογία
1255 1217 1374 1271 (quae
1386 1218 1512 1272 vulgo
1528 1220 1624 1259 ἐικυ-

346 1271 507 1325 ρολογία
521 1271 714 1325 vocatur)
737 1271 776 1310 in
791 1283 842 1310 eo
864 1269 939 1311 effe
954 1271 1030 1311 dici
1047 1270 1180 1324 poffit:
1198 1273 1238 1311 δι
1255 1270 1524 1325 κατάχρησις,
1539 1284 1622 1314 non

346 1325 410 1385 illa
419 1326 712 1379 quidem‚quam
725 1324 976 1386 metaphorae
985 1325 1207 1378 permittere
1217 1325 1285 1365 fibi
1294 1325 1462 1379 possunt,
1474 1326 1514 1366 δι
1575 1339 1622 1368 ae

346 1379 387 1418 in
400 1379 444 1418 iis
459 1378 673 1429 excusatur,
687 1378 748 1420 sed
759 1392 859 1432 quae
872 1391 1037 1418 omnmo
1049 1378 1188 1419 vitiosa
1198 1378 1264 1419 est.
1279 1380 1402 1433 Atqui
1414 1393 1528 1434 repre
1555 1393 1624 1422 en·
1688 1398 1690 1401 ¹

347 1432 437 1473 dere
450 1443 580 1473 tamen
598 1433 710 1474 suum
725 1431 948 1486 scriptorem
964 1432 1078 1472 audet
1092 1433 1139 1473 de
1153 1431 1372 1474 huiusmodi
1385 1434 1623 1488 improprie-

345 1497 524 1549 tatehpagoe.
541 1487 616 1541 358
637 1488 675 1526 in
697 1488 802 1526 hunc
822 1487 922 1527 illius
944 1486 1072 1527 locum
1085 1517 1097 1535 ,
1113 1487 1176 1526 καὶ
1191 1483 1256 1527 οὐκ
1272 1487 1383 1539 ἰ’σμεν
1395 1487 1498 1528 ὅπως
1518 1486 1623 1529 τάδε

346 1555 452 1595 τριων
467 1555 540 1582 των
557 1541 755 1596 μεγίστων
775 1535 964 1594 ξυμφοριῖν
982 1537 1046 1580 οὐκ
1061 1539 1344 1590 ἀπήλλακται,
1361 1539 1578 1594 ἄξυνεσίοις,
1599 1543 1622 1584 33
1683 1556 1690 1590 ξ

344 1596 565 1646 μαλακίας,
580 1595 599 1636 ii
613 1594 810 1646 ἀμελείας.
826 1607 913 1634 nam
931 1594 1056 1634 scribit
1072 1594 1097 1634 l.
1111 1593 1134 1632 8
1147 1624 1159 1643 ,
1178 1594 1225 1634 de
1241 1607 1345 1636 voce
1361 1593 1549 1648 ξυμφορῶν
1562 1596 1624 1637 lo-
1687 1597 1690 1628 ἑ

347 1661 492 1702 quens,
512 1646 676 1690 ἐνταῦθα
691 1644 729 1688 οὗ
747 1647 872 1688 κεῖται
893 1648 1018 1701 κυρίως
1037 1645 1056 1689 ἦ
1076 1646 1194 1699 λέξις,
1210 1647 1324 1689 ἀλλὰ.
1340 1647 1529 1702 ξυμφορὰν
1547 1662 1622 1702 φη·

349 1702 386 1742 a}
407 1702 475 1744 τὴν
493 1703 640 1743 κακίαν.
654 1703 727 1743 Sed
748 1701 934 1742 adversus
954 1702 1052 1743 hanc
1066 1701 1355 1743 accusationem
1369 1703 1548 1745 conabor
1568 1703 1623 1744 ibi

346 1756 619 1809 Thucydidem
633 1756 849 1797 defendere.

414 1810 470 1850 At
493 1823 592 1851 vero
617 1811 845 1851 adverbium
868 1808 1106 1862 ἀντιφορικῶς
1130 1821 1284 1850 novum
1308 1809 1471 1851 omnino
1495 1810 1622 1853 videri
1688 1827 1690 1850 z

347 1863 485 1918 poffit,
503 1877 585 1919 quo
604 1865 726 1905 utitur
739 1865 777 1904 in
793 1876 881 1918 pag.
899 1877 992 1917 409.
1008 1863 1068 1903 Ibi
1081 1863 1183 1903 enim
1198 1864 1237 1904 in
1256 1863 1352 1905 haec
1367 1865 1511 1912 verba,
1531 1880 1622 1919 προ·

347 1917 470 1970 Θύμως
493 1916 626 1958 ταῦτα
643 1917 838 1970 ἔπρασσον
850 1947 864 1964 ,
882 1927 1111 1958 annotatum
1131 1916 1208 1966 est,
1227 1917 1472 1972 ἀντιφορικὸῑς
1492 1914 1620 1969 εἶπεν,
1683 1931 1686 1933 ·

347 1972 433 2012 ἀντὶ
447 1970 514 2012 τοῦ
526 2003 538 2019 ,
553 1969 592 2011 οὗ
608 1972 808 2024 προθύμως.
823 1971 895 2012 Sed
909 1971 1204 2024 aenigmaticum
1218 1971 1397 2024 quiddam
1413 1972 1622 2014 haberedi-
1688 1975 1690 1978 '

347 2025 384 2065 ci
397 2035 516 2080 queat
534 2025 603 2079 (ut
619 2026 783 2080 opinor)
800 2025 897 2065 haec
918 2025 1136 2065 annotatio.
1160 2025 1285 2066 Cuius
1298 2026 1356 2066 tei
1371 2025 1526 2067 causam
1544 2025 1622 2068 effe

346 2091 466 2132 puto,
486 2079 592 2133 quod
609 2079 648 2119 in
674 2080 747 2120 alia
772 2092 892 2132 quam
918 2079 1014 2120 haec
1033 2079 1155 2119 verba
1177 2078 1318 2134 scripta
1345 2079 1407 2120 illa
1434 2079 1548 2121 esset:
1574 2090 1622 2122 ut

348 2133 560 2180 ostendam,
583 2146 671 2173 cum
686 2133 733 2174 ad
744 2133 878 2174 locum
894 2132 1003 2173 illum
1015 2145 1178 2173 venero.
1191 2133 1312 2173 Simul
1322 2146 1423 2174 vero
1437 2134 1479 2175 &
1490 2133 1622 2180 dehuff
1682 2147 1684 2149 ’

347 2187 410 2227 ius
425 2187 596 2228 adverbii
610 2186 886 2240 fignificatione
897 2186 1068 2228 diaurus
1078 2187 1148 2227 tibi
1160 2185 1242 2227 sum
1253 2217 1266 2237 ,
1283 2187 1393 2241 quod
1405 2186 1542 2229 sentio.

403 2241 647 2281 Adverbium
660 2238 812 2292 μήποτε
828 2239 917 2295 (nifi
932 2241 1065 2294 potius
1076 2237 1130 2293 μίι
1142 2255 1242 2280 ποτε
1254 2241 1442 2283 ἀίεἰυηᾶε
1452 2241 1621 2283 scriben-
1688 2264 1690 2278 .

348 2293 439 2334 dum
458 2294 538 2349 est)
553 2296 682 2335 omitti
699 2296 761 2335 hic
779 2308 860 2334 non
879 2294 1008 2335 debet:
1028 2307 1110 2349 quo
1129 2294 1170 2335 δι
1187 2294 1253 2334 alii
1269 2293 1486 2336 scholiastae
1502 2306 1621 2336 utun-
1679 2331 1681 2339 ,

349 2361 431 2397 tur,
453 2351 697 2401 multumque
720 2350 865 2402 gratiae
883 2348 921 2388 in
945 2348 1200 2402 proponenda
1217 2347 1283 2389 sua
1308 2348 1548 2390 dubitatione
1575 2350 1622 2392 δε
1658 2342 1674 2356 ”

348 2402 570 2442 εοηίεξὶιιτει
583 2403 710 2442 habet.
724 2403 796 2443 Sed
808 2401 995 2443 eiusmodi
1007 2401 1076 2450 est,
1084 2412 1130 2442 ut
1139 2402 1274 2442 Latine
1285 2401 1526 2458 interpretari
1536 2415 1622 2444 non

349 2455 465 2509 poffis
475 2486 488 2503 ,
506 2456 559 2495 ita
573 2457 726 2510 quidem
741 2468 784 2496 ut
798 2457 965 2496 verbum
978 2456 1104 2496 verbo
1119 2455 1261 2496 reddas.
1275 2455 1369 2496 Eius
1379 2455 1490 2497 usum
1500 2456 1622 2498 habes

349 2522 435 2564 pag.
453 2510 565 2564 3461.
588 2523 621 2560 1,
638 2510 704 2551 ubi
715 2510 806 2552 licet
820 2510 1139 2565 interrogationis
1149 2510 1424 2552 notaorationi
1435 2541 1448 2561 ,
1467 2511 1532 2553 cui
1552 2510 1620 2557 ad-¹

1671 2851 1678 2942 -.—-
