1690 3120
310 204 411 259 204
502 195 1390 250 ANNOTATIONES

364 290 440 328 ead.
452 289 476 328 l.
496 303 554 344 13.
567 291 732 331 Βοηθείοις
746 291 944 346 δηλονότι)
959 292 1064 334 Sicut
1079 293 1142 333 hic
1162 306 1254 333 cum
1274 290 1393 346 ἐρήμῳ
1413 291 1586 334 subaudit

307 343 527 395 >genitivum
542 345 720 394 βοηθείας,
735 346 786 385 ita
803 359 890 399 pag.
931 346 1018 400 951.
1037 360 1085 397 17
1109 345 1239 400 ἐρήμην
1261 347 1336 388 effe
1349 348 1439 388 dicit
1458 346 1587 401 ἔρημον

312 395 513 447 φυλάκων,
525 397 731 452 itidemque
743 412 829 453 pag.
843 414 862 454 3
873 361 924 452 33
931 401 972 440 in
991 413 1136 441 nomen
1152 400 1301 454 ἐρημίαν
1314 410 1474 442 annotat
1486 415 1586 454 συμ-

312 450 478 503 μαχίαις
490 449 675 494 δηλονότι.
688 452 840 493 STEPH.

369 507 442 543 ead.
456 505 479 544 l.
500 506 637 555 14Thv
651 506 784 548 αἰκείαν
796 506 905 561 sna.)
912 505 1041 548 Immo
1058 515 1160 548 vero
1169 506 1242 563 γῆν
1255 507 1486 562 generaliter
1497 507 1587 550 dicit

313 556 500 611 Thncyd.
517 560 557 600 δι
580 572 631 600 eo
651 560 793 610 modo,
812 571 894 615 quo
911 560 984 601 dici
1010 562 1060 602 ab
1088 562 1169 602 aliis
1187 561 1303 609 solet,
1323 562 1403 602 hoc
1429 561 1519 616 ipso
1529 562 1589 603 lo-

314 624 417 666 quen
423 614 455 652 di
471 626 610 666 genere
621 614 819 654 utentibus
831 646 841 664 ,
860 615 969 654 πλεῖν
981 617 1088 669 παρὰ,
1100 615 1169 656 τὴν
1182 615 1265 670 γῆν.
1279 616 1434 657 STEPH.

370 668 443 705 ead.
459 668 481 706 l.
502 682 561 723 15.
579 666 755 722 ‘ssa-avel)
775 667 1025 709 Scribendum
1048 665 1096 709 ὧς
1114 668 1160 710 ὅὶν
1179 669 1209 709 εἰ
1225 668 1359 724 ἔλεγε,
1380 669 1478 710 ficut
1498 668 1589 709 alibi

314 717 499 772 scriptum
523 723 739 762 invenitur:
761 735 834 776 pro
857 735 928 769 e0,
950 723 1058 777 quod
1077 723 1202 763 Latini
1223 723 1282 764 his
1301 723 1430 764 verbis
1447 722 1476 763 sl
1529 722 1589 764 ifi-

316 784 408 813 cant
419 805 432 823 ,
448 775 584 829 perinde
601 792 642 816 ac
650 778 687 828 fi
701 777 832 818 diceret.
845 776 971 818 IDEM.
994 777 1056 818 Sic
1072 777 1116 817 δι
1139 787 1228 818 ante
1248 778 1287 818 in
1308 777 1474 832 Propara
1491 789 1590 818 ceue

315 839 405 882 pag.
424 842 463 877 7.
478 828 577 870 Cass.
598 826 684 870 ὡσεὶ
704 844 776 884 pro
798 828 846 871 ὦς
859 831 902 871 εὶ.

371 881 450 920 ibid.
468 883 563 923 Μίαν
582 883 940 925 κατακολουθοῦσαν
953 883 1002 937 τῇ
1015 883 1149 940 ἑτέρᾳ)
1165 884 1302 926 Suidas
1319 884 1360 926 in
1380 883 1591 940 ἐπικαίρως.

318 935 389 976 ubi
401 936 488 977 vide
502 937 660 978 Portum
678 938 719 978 &
732 938 959 979 Kusterum.

370 993 444 1030 ead.
457 992 483 1030 l.
499 991 559 1032 16.
573 991 723 1046 Δηλοῖ)
744 993 868 1032 Kome?
881 990 983 1033 Caff.

373 1046 448 1084 ead.
466 1045 489 1084 I.
506 1060 567 1097 17.
584 1045 754 1099 Ὠσαινεὴ
765 1047 842 1086 Hic
855 1057 959 1087 certe
970 1046 1107 1088 eodem
1119 1045 1358 1088 scribendum
1369 1045 1489 1087 modo
1504 1044 1591 1088 fue·

318 1095 369 1138 rit
380 1128 394 1145 ‚
412 1095 460 1139 ὧς
476 1098 522 1140 ἂν
535 1099 566 1139 εἰ
589 1099 714 1153 ἔλεγε.
727 1101 882 1140 STEPH.

372 1155 448 1192 ead.
462 1153 486 1192 I.
508 1153 567 1192 18.
585 1157 631 1192 Tb
654 1153 700 1193 δὲ
722 1155 893 1205 σημείου,
911 1154 995 1195 ἀντὶ
1010 1153 1076 1194 τοῦ
1094 1153 1242 1208 μιλίσυ)
1262 1152 1441 1195 Omnino
1453 1153 1591 1207 explo-

319 1205 443 1246 denda
457 1205 511 1247 est
524 1206 590 1247 ista
611 1208 716 1262 prior
729 1205 934 1261 expositio,
950 1208 991 1248 δι
1003 1207 1192 1262 posterior
1205 1206 1431 1262 recipienda,
1444 1207 1592 1248 etiamst

319 1272 407 1299 eam
419 1270 602 1314 tanquam
617 1262 744 1302 minus
754 1273 895 1302 certam
907 1261 1055 1303 afferat.
1065 1262 1142 1303 Vel
1153 1275 1203 1302 ex
1214 1275 1264 1302 eo
1276 1273 1406 1303 autem
1425 1262 1593 1303 iudicare

319 1312 520 1367 poffumus
534 1316 686 1366 σημείου
699 1316 799 1355 illam
811 1318 979 1369 priorem
990 1316 1270 1371 expositionem
1285 1329 1366 1356 non
1377 1316 1593 1364 admittere,

322 1369 429 1421 quod
444 1382 527 1410 vox
538 1368 604 1409 ista
616 1370 720 1423 apud
732 1383 800 1410 eos
812 1381 962 1410 tantum
972 1400 984 1419 ‚
1006 1371 1074 1424 qui
1093 1370 1219 1411 multo
1229 1370 1458 1422 Thucydide
1469 1368 1593 1423 poste-

321 1422 445 1462 riores
458 1421 629 1473 fuerunt,
642 1424 706 1464 illa
721 1424 759 1463 in
772 1423 1048 1478 significatione
1059 1424 1293 1466 inveniatur:
1305 1423 1376 1463 nist
1386 1423 1488 1465 forte
1502 1436 1594 1464 meo

318 1475 499 1517 Graecae
512 1477 669 1531 linguae
681 1476 884 1519 Thesauro
905 1479 1015 1519 adiici
1029 1479 1186 1532 aliquod
1202 1478 1422 1531 exemplum
1443 1490 1493 1518 ex
1512 1490 1595 1518 ma-

319 1530 382 1583 gis
391 1529 503 1571 etiam
517 1533 679 1586 antiquo
691 1531 873 1586 scriptore
883 1532 1068 1586 quopiam
1082 1533 1223 1586 potuit.
1235 1531 1360 1572 IDEM.
1371 1530 1596 1573 VerbaSte-
1674 1553 1679 1558 =·

296 1603 301 1608 ·
319 1584 438 1637 phani
460 1586 637 1626 nonnihil
654 1585 898 1627 obscuritatis
918 1587 1073 1627 habent.
1090 1586 1163 1627 Sed
1180 1586 1258 1626 hoc
1277 1585 1384 1632 vult,
1403 1585 1595 1639 recipien-
1663 1615 1665 1619 «

318 1637 410 1678 dam
424 1637 500 1679 effe
513 1639 793 1694 expositionem
804 1671 815 1690 ,
832 1654 932 1695 quae
949 1641 1171 1682 continetur
1191 1640 1251 1680 his
1270 1639 1400 1680 verbis
1419 1638 1594 1680 Scholia·

320 1690 402 1733 stae
420 1692 584 1734 δῖιναται
605 1693 652 1734 Σὲ
675 1694 803 1749 λέγειν
825 1695 891 1735 καὶ
912 1697 955 1734 τὶ
972 1695 1152 1747 σύνθημα.
1169 1695 1283 1735 Hanc
1298 1693 1399 1734 illius
1422 1703 1593 1733 mentem

319 1745 430 1787 fuiffe
443 1747 563 1801 liquet
576 1748 723 1789 eThes.
743 1749 849 1803 Ling.
867 1748 939 1790 Gr.
961 1750 1003 1789 in
1046 1761 1101 1789 uo
1120 1749 1220 1788 inter
1234 1748 1308 1789 alia
1322 1747 1432 1796 loca,
1449 1749 1488 1787 in
1535 1747 1596 1787 ιι·-

321 1800 398 1841 bus
411 1801 561 1852 σημεῖον
574 1802 628 1842 est
639 1804 778 1858 fignum
786 1816 947 1857 pugnae,
969 1802 1011 1843 &
1059 1815 1160 1849 unc,
1181 1803 1223 1843 δι
1246 1802 1365 1842 alium
1386 1814 1409 1842 e
1427 1801 1492 1842 lib.
1578 1829 1597 1848 ,
1660 1821 1663 1827 ·

322 1866 359 1894 c.
371 1868 438 1908 91,
451 1855 598 1910 profert
608 1886 620 1904 ,
640 1857 708 1896 ubi
725 1855 952 1898 Scholiastes
966 1855 1044 1897 ἀντὶ
1058 1855 1214 1908 σημείου
1236 1868 1286 1897 ex
1314 1855 1400 1896 onit
1413 1855 1492 1896 sm
1507 1869 1594 1896 συν-

323 1906 503 1960 Θῆμοιτος.
514 1910 586 1951 Sed
599 1923 683 1964 quo
726 1912 891 1951 ertinere
902 1911 1071 1952 dicemus
1084 1911 1170 1957 illa,
1189 1913 1233 1949 τὶ
1253 1909 1282 1950 8
1318 1910 1489 1961 σημείου,
1508 1908 1595 1950 ἀντὶ
1663 1888 1687 1934 53

322 1962 395 2001 τοῦ
404 1963 554 2016 μιλίου;
573 1964 676 2004 Nihil
710 1978 783 2005 ane
797 1965 874 2006 huc
895 1966 1106 2018 pertinent,
1127 1964 1168 2004 δι
1187 1963 1366 2004 credibile
1383 1962 1461 2010 est,
1482 1975 1528 2004 ea
1545 1963 1597 2003 ab
1662 2000 1667 2016 5

324 2016 479 2070 aliquo,
500 2019 568 2071 qui
584 2017 727 2059 sciebat
741 2032 806 2067 ea,
825 2032 925 2072 quae
937 2018 1076 2069 σημεῖα
1089 2018 1281 2065 dicuntur,
1294 2017 1330 2058 id
1351 2016 1425 2066 est,
1443 2017 1596 2069 lapides,

323 2069 409 2110 five
421 2072 568 2111 miliaria
578 2102 591 2119 ‚
607 2085 629 2113 a
641 2072 802 2114 Graecis
814 2073 1092 2113 recentioribus
1102 2073 1215 2112 etiam
1228 2072 1342 2123 μίλιει
1354 2072 1506 2118 vocari,
1517 2070 1594 2112 huc

325 2123 509 2178 adscripta
519 2125 615 2188 effe3
633 2139 866 2189 quamquam
884 2126 995 2180 plane
1015 2126 1062 2166 ab
1082 2126 1158 2166 hoc
1175 2125 1269 2165 loco
1282 2124 1416 2165 aliena.
1431 2123 1476 2164 In
1493 2122 1594 2165 Cass‘.

326 2177 406 2218 hoc
418 2178 592 2219 scholion
604 2191 656 2220 ita
668 2180 825 2233 legitur:
837 2176 874 2219 οὗ
885 2178 1077 2219 δεηθέντες
1088 2178 1239 2219 πολλῶν
1251 2178 1424 2229 σημείων,
1432 2176 1522 2218 ἀλλ’
1536 2175 1596 2220 εὖ·

325 2230 387 2273 ebe
404 2231 593 2274 ποιοῦντες
608 2232 699 2285 ὅπερ
712 2232 845 2274 &baeu
859 2233 1000 2273 Cetera
1016 2232 1284 2273 desiderantur.

381 2289 455 2326 ead.
466 2288 491 2325 l.
511 2301 572 2340 23.
585 2287 766 2327 Μέτωπον
782 2286 850 2327 τῆς
865 2287 968 2341 νεὼς)
984 2286 1116 2327 Suidas
1130 2287 1168 2325 in
1188 2285 1380 2337 μέτωπον.

383 2342 456 2380 εαᾶ.
471 2341 495 2380 Ι.
514 2354 576 2387 27.
595 2340 693 2380 Ἀντὶ
707 2339 775 2381 τοῦ
790 2339 931 2380 ὀκεῖλαι
953 2336 1078 2380 αὐτὲις
1098 2339 1297 2387 ἐποίησαν)
1320 2337 1595 2390 Thucydides:
1660 2341 1686 2398 ¹,

329 2391 493 2445 ἔξέωσέιν
508 2408 550 2434 τε
562 2398 649 2447 πρὸς
663 2394 728 2435 τὴν
738 2393 810 2449 ’γῆν
823 2392 1114 2448 ὑποφευγοὺσεις
1126 2394 1191 2434 καὶ
1205 2392 1420 2447 ἒιὲφθειραν,
1435 2392 1508 2433 scil.
1521 2394 1596 2433 τὰς

327 2445 429 2488 ναῦς.
445 2448 518 2488 Hic
535 2447 728 2489 manifeste
741 2447 1022 2501 distinguuntur
1036 2446 1180 2495 ἐξωθεῖν
1195 2447 1235 2486 8<
1254 2445 1483 2498 ἓιοιφθείρειν,
1496 2458 1598 2500 quo·
1660 2439 1687 2492 ἑ

330 2513 417 2543 rum
431 2500 508 2544 hoc
527 2500 764 2558 consequens
783 2502 999 2545 habendum
1019 2502 1175 2558 prioris.
1190 2500 1312 2542 Κεὲὶε
1325 2502 1598 2556 interpretatur
