1690 3120
280 228 348 284 “28
581 231 1261 283 HSTEPHANI

282 320 391 373 suam
405 319 590 362 diversam
602 321 818 362 leffionem.
833 322 1018 363 Subaudit
1032 334 1162 363 autem
1178 323 1242 363 hic
1252 322 1405 370 βιβλίοις
1418 322 1481 363 vel
1494 321 1560 364 ἄν·

283 375 499 429 τιγράφοις·
520 375 562 415 &
581 375 656 416 illic
680 376 806 416 itidem
829 377 893 417 vel
919 376 1048 427 βιβλίῳ
1070 378 1133 417 vel
1153 377 1386 431 ἀντιγράφῳ.
1410 376 1471 417 Sic
1491 389 1561 417 au·

284 439 364 470 tem
381 442 473 469 cum
487 429 655 483 aliquam
675 443 814 471 vocem
831 431 868 469 in
885 431 964 471 alio
978 431 1042 471 vel
1054 431 1093 470 in
1112 431 1195 470 aliis
1209 444 1289 471 non
1305 431 1469 471 inveniri
1490 443 1561 470 an-

284 493 400 523 notat
414 499 422 523 :
436 493 478 523 ut
494 497 660 537 pag.334
671 484 694 524 l.
709 498 773 538 25,
787 485 823 524 ἐν
837 481 943 534 ἄλλῳ
957 481 996 525 οὗ
1014 484 1136 524 κεῖται
1155 487 1200 524 ἰδ
1215 486 1301 538 ἄρα.
1317 484 1372 524 At
1383 498 1468 538 pag.
1484 483 1559 536 582

285 536 312 577 l.
323 550 367 577 12
379 537 487 584 dicit,
501 538 535 578 ἐν
549 538 681 578 ἄλλοις
696 535 775 591 οὐχ
791 535 1013 591 εὑρίσκεται.
1026 537 1210 578 Ceterum
1222 539 1269 578 ad
1281 551 1420 578 vocem
1434 539 1561 580 κεῖται

285 592 396 644 quod
411 591 562 640 attinet,
577 605 622 632 ea
642 593 765 632 utitur
780 591 821 632 δι
835 605 924 632 cum
938 591 1151 645 significare
1164 592 1262 640 vult,
1278 593 1471 646 quandam
1485 605 1561 632 vo·

285 657 372 685 cem
384 646 485 699 apud
499 646 601 686 hunc
617 646 797 686 velillum
813 644 1036 712 scriptorem
1048 645 1215 686 exstare:
1229 657 1270 686 ut
1285 659 1368 699 pag.
1381 661 1456 700 344
1470 646 1494 686 1.
1509 660 1559 686 22

287 699 336 738 de
349 712 451 740 voce
464 701 688 752 τιμωρητέον
702 698 828 740 scribit
838 732 849 747 ‚
870 699 985 753 ἅπαξ
1002 699 1124 740 κεῖται
1148 697 1166 741 ἦ
1189 699 1296 753 λέξις
1310 703 1418 753 παρὰ.
1433 700 1487 750 τῷ
1501 699 1560 753 ῥίν-

289 766 367 806 τορι
378 783 392 802 ,
412 754 447 793 id
459 753 530 803 est,
540 754 648 806 fimel
658 756 778 807 exstat,
794 754 859 795 vel
875 755 1017 808 potius,
1028 754 1135 806 semd
1143 756 1255 807 postta'
1269 755 1323 807 est.
1337 753 1397 796 Ex
1407 753 1485 794 hoc
1495 767 1562 794 au·

286 815 370 847 tem
381 807 526 856 verbo,
546 807 656 848 istum
670 808 834 849 habente
845 808 972 858 usum,
985 807 1133 849 fastum
1147 808 1217 848 fuit
1229 806 1404 848 iocosum
1417 820 1563 848 nomen

285 859 358 902 seu
375 874 594 915 cognomen
604 892 618 908 ‚
634 863 742 915 quod
762 863 815 902 im
844 861 987 903 ofitum
1001 862 1152 903 cuidam
1168 860 1263 902 fuit:
1281 861 1464 902 videlicet
1479 865 1563 901 Κει-

287 914 497 965 τούκειτος,
514 926 558 956 ut
577 915 736 957 testatur
755 916 811 956 At
839 929 1001 957 cnaeus:
1022 929 1138 970 quem
1161 916 1263 956 vide.
1282 915 1466 956 Ceterum
1487 915 1563 956 illis

288 969 487 1024 prioribus
500 969 686 1023 exemplis
702 969 790 1010 usus
809 972 922 1011 verbi
938 970 1090 1010 neieina
1110 970 1195 1009 addi
1217 969 1343 1023 potest
1361 982 1411 1009 ex
1430 968 1563 1010 nostro

289 1022 510 1070 scholiafle‚
525 1024 560 1064 ἐν
578 1024 689 1074 ἄλλῳ
705 1024 749 1063 δὲ
766 1023 915 1074 κεῖται,
932 1037 1018 1078 pag.
1035 1038 1114 1074 440
1135 1024 1160 1064 l.
1176 1038 1238 1064 22.
1252 1024 1335 1064 Ubi
1352 1024 1466 1064 etiam
1481 1035 1565 1064 non

290 1078 422 1130 aptius
433 1078 674 1132 interpretari
688 1078 794 1132 poffe
808 1080 996 1125 videmur,
1009 1077 1192 1131 (verbum
1208 1078 1334 1118 verbo
1346 1077 1564 1132 reddentes)

321 1145 410 1172 uam
425 1131 453 1171 fi
469 1132 661 1179 dicamus,
679 1134 716 1172 in
735 1134 806 1172 alio
824 1136 973 1187 pofitum
989 1135 1044 1186 est.
1066 1132 1105 1171 Id
1121 1131 1175 1172 est
1186 1162 1200 1179 ‚
1214 1133 1324 1186 posita
1337 1134 1382 1185 est
1394 1131 1490 1172 haec
1508 1131 1564 1172 le-

333 1185 395 1232 io,
419 1187 484 1227 vel
503 1186 585 1226 haec
596 1186 782 1239 βήρηκα.
798 1186 935 1241 Vulgo
949 1197 1053 1228 certe
1067 1186 1250 1232 dicimus,
1268 1187 1306 1225 in
1321 1187 1392 1227 alio
1397 1186 1565 1239 scriptum

290 1241 357 1294 est,
375 1239 460 1287 vel,
477 1242 514 1280 in
525 1241 597 1280 alio
605 1243 736 1294 exstat,
753 1241 833 1288 vel,
845 1242 882 1280 in
897 1241 968 1280 alio
982 1242 1111 1295 legitur.
1127 1239 1304 1293 Quidam
1319 1253 1418 1280 vero
1431 1240 1570 1280 dicunt

291 1294 426 1340 etiam,
440 1294 477 1334 in
490 1295 560 1334 alio
573 1295 723 1334 habetur.
739 1294 922 1335 Ceterum
940 1308 1019 1335 non
1035 1295 1160 1334 minus
1172 1293 1406 1347 frequenter,
1419 1294 1482 1335 vel
1494 1307 1566 1347 po-

290 1347 368 1388 tius
381 1347 638 1402 foequenfius,
657 1349 780 1389 utitur
795 1349 927 1390 eadem
944 1350 990 1388 de
1008 1362 1050 1389 re
1071 1349 1198 1388 verbo
1220 1349 1438 1402 γράφεται,
1457 1347 1567 1401 quod

290 1400 402 1442 sonat
411 1402 592 1454 scribitur:
610 1401 670 1442 sed
685 1402 909 1443 subauditur
922 1403 1013 1443 illud
1025 1402 1060 1442 ἑν
1078 1405 1200 1452 dam,
1215 1402 1279 1441 vel
1293 1402 1327 1442 ἐν
1342 1402 1489 1441 ἄλλοις.
1505 1401 1566 1441 ln-

291 1456 445 1496 terdum
461 1470 560 1497 vero
572 1457 695 1497 addita
706 1457 850 1510 copula
865 1457 931 1497 καὶ
945 1458 1095 1504 dicitur,
1106 1455 1296 1511 γράφεται
1307 1455 1389 1505 καὶ,
1408 1455 1567 1510 sequen-

293 1519 334 1550 te
347 1510 517 1558 diversa,
534 1524 636 1565 quae
650 1510 826 1558 affertur,
839 1510 1019 1552 leffione.

348 1565 567 1605 Secundum
579 1565 669 1606 illud
681 1578 772 1605 cum
787 1565 875 1606 vult
889 1565 1054 1606 indicare
1065 1596 1077 1614 ‚
1093 1563 1226 1604 locum
1241 1563 1418 1604 videlicet
1431 1575 1568 1629 quem-

291 1618 397 1673 piam
411 1619 565 1660 duobus
583 1620 706 1660 modis
725 1619 968 1674 interpungi‚
987 1619 1090 1666 dicit,
1109 1619 1210 1658 τινὲς
1225 1617 1413 1670 στίζουσιν
1427 1631 1481 1657 εις
1501 1619 1567 1666 τὸ,

293 1672 477 1727 sequente
492 1673 577 1728 post
591 1676 634 1714 τὸ
651 1674 712 1713 illa
727 1687 831 1714 voce
841 1705 855 1721 ,
872 1675 933 1714 cui
951 1672 1302 1727 interpunffionem
1320 1671 1568 1724 subiungunt.

295 1727 358 1768 Sic
372 1740 457 1781 pag.
473 1727 549 1782 389
571 1728 595 1768 l.
619 1728 644 1768 6
656 1759 668 1778 ‚
688 1729 730 1767 in
752 1727 856 1769 hunc
876 1727 1119 1780 Thucydidis
1134 1727 1263 1767 locum
1275 1757 1290 1773 ,
1308 1723 1488 1780 Περικλῆς
1501 1723 1568 1772 ἒὲ,

295 1785 520 1835 στρατηγὶς
542 1781 588 1822 ὣν
611 1783 678 1821 καὶ
692 1781 782 1822 τότε
802 1782 886 1837 περ)
904 1782 973 1834 μὲν
993 1779 1060 1821 τοῦ
1072 1781 1126 1832 μὴ
1143 1780 1330 1833 ἐπεξιέναι
1352 1778 1439 1820 τοὺς
1452 1778 1568 1820 'Aona

296 1836 374 1876 διε.
390 1834 572 1890 praefixis
591 1835 692 1877 hisce
706 1836 855 1885 verbis,
873 1837 1095 1889 στρατηγὶς
1112 1833 1157 1875 ἰὸν
1171 1835 1239 1874 καὶ
1254 1833 1365 1880 τίπτε,
1382 1843 1544 1873 annotat
1555 1863 1569 1882 ,

295 1889 394 1930 ’τινὲς
416 1890 468 1930 εἰς
489 1891 533 1929 τὸ
557 1889 616 1940 ὢν,
642 1889 738 1931 τινὲς
757 1890 809 1931 εἰς
830 1893 875 1930 τὶ
895 1890 962 1931 καὶ
980 1890 1071 1930 τότε
1090 1889 1273 1941 erigonae.
1291 1886 1447 1928 Alicubi
1469 1899 1569 1928 vero

295 1943 339 1984 &
360 1940 571 1996 ὑποστίζειν
588 1945 692 1984 dicit.
1105 1972 1116 1989 x

350 1998 532 2039 Tertium
546 1999 652 2052 quod
668 1998 715 2038 ab
730 2011 780 2039 eo
795 1997 973 2038 annotari
986 1997 1032 2038 de
1046 1995 1272 2051 quibusdam
1287 1993 1382 2034 locis
1393 1993 1493 2041 dixi,
1514 1993 1570 2034 est

295 2050 414 2099 istud,
431 2065 500 2092 eos
520 2053 615 2093 duas
628 2052 889 2106 expositiones
909 2052 1050 2092 habere
1061 2080 1073 2099 ,
1094 2050 1175 2090 five
1193 2049 1346 2089 duobus
1360 2047 1486 2088 modis
1498 2061 1569 2088 ex-

295 2105 446 2160 positos
460 2107 637 2147 inveniri.
653 2108 784 2160 Atque
798 2106 859 2148 hic
870 2107 962 2147 item
976 2103 1094 2158 ellipsi
1113 2105 1250 2151 utitur,
1263 2102 1326 2142 sed
1338 2100 1498 2142 diversa.
1511 2101 1571 2142 di·

297 2160 353 2200 cit
366 2160 470 2200 enim
481 2190 492 2209 ‚
514 2159 561 2201 ὥς
577 2159 686 2207 τινὲς,
701 2160 765 2200 vel
783 2157 832 2202 ὦς
851 2159 943 2201 ἔνιοι·
962 2171 1043 2200 non
1058 2158 1197 2198 addens
1209 2156 1372 2197 verbum
1384 2187 1397 2205 ‚
1415 2155 1477 2197 sed
1489 2154 1571 2196 sub-

297 2213 527 2254 audiendum
544 2215 581 2254 id
595 2214 839 2268 relinquens,
857 2214 939 2255 five
954 2214 1131 2268 λέγουσι,
1152 2211 1232 2252 five
1246 2210 1359 2262 φασί.
1375 2210 1570 2250 Nonnun-

297 2281 417 2322 quam
440 2281 541 2309 vero
560 2269 671 2315 dicit,
697 2268 793 2309 τινὲς
816 2267 882 2314 est,
901 2268 966 2308 vel
991 2269 1071 2307 ἔνιοι
1091 2266 1160 2314 δὲ,
1184 2263 1299 2305 οὕτως
1317 2261 1480 2304 ἥκουσιν
1494 2294 1507 2311 ,
1533 2264 1571 2304 id

299 2321 368 2371 est,
388 2323 438 2361 ita
456 2323 688 2363 intellexerunt
698 2338 715 2370 ‚·
730 2323 818 2371 vel,
838 2318 957 2362 οὕτως
977 2320 1158 2373 ἐδέξαντο
1168 2350 1182 2367 ,
1202 2320 1236 2359 id
1255 2317 1324 2365 est,
1341 2317 1528 2372 (verbum
1546 2331 1571 2358 e

298 2376 446 2430 verbo)
460 2378 510 2416 ita
522 2389 729 2431 acceperunt.
745 2377 808 2418 Sic
823 2390 912 2430 pag.
930 2389 999 2429 595
1016 2375 1040 2415 l.
1057 2389 1080 2414 2
1092 2404 1103 2422 ,
1122 2372 1205 2414 ἔνιοι
1221 2372 1267 2414 st
1280 2368 1398 2412 οὕτως
1411 2370 1571 2430 ἐδέξαν-

263 2448 266 2452 ·
299 2445 359 2471 το.
372 2429 484 2483 Quin
496 2431 612 2471 etiam
626 2430 749 2471 verbo
764 2430 899 2477 ἔλαβον
909 2431 963 2470 ita
977 2429 1098 2469 utitur
1110 2440 1197 2482 pag.
1212 2441 1289 2480 499
1305 2426 1381 2486 ¹23⁹
1395 2426 1510 2486 ξιλλοι
1523 2424 1571 2465 δὲ

300 2483 369 2525 τὴν
381 2484 474 2525 scinu
481 2500 538 2525 σιν
551 2485 615 2523 ἐπὶ
631 2483 696 2525 τῆς
710 2483 864 2534 λήψεως
879 2483 954 2524 τῶν
970 2482 1092 2536 δώρων
1106 2481 1248 2527 ἔλαβον.
1262 2480 1341 2520 Ubi
1355 2489 1471 2519 etiam
1483 2478 1571 2518 sub-

301 2539 446 2594 iungit,
463 2536 508 2582 ‘lv'
523 2535 621 2581 οὕτω
643 2537 774 2583 νοῆται
787 2569 799 2591 ‚
818 2536 919 2588 ἤτοι,
935 2536 1008 2581 διὰ
1022 2535 1088 2580 τὴν
1109 2536 1150 2578 ἐκ.
1172 2533 1238 2578 τῆς
1251 2535 1356 2576 'AT-t.
1377 2533 1485 2575 Haec
1501 2545 1572 2574 au·
