1690 3120
344 197 1214 281 PROPARASCEUE.
1353 243 1416 294 27

146 337 274 367 mnus
418 323 460 363 in
472 323 546 364 alia
559 321 638 363 ulla
650 353 663 372 ‚
683 321 777 362 boni
789 319 1007 375 interpretis
1023 329 1153 374 partes
1165 318 1327 374 implere
1339 318 1419 359 dici

149 379 285 433 potest.
324 379 359 418 ic
371 390 500 419 autem
517 389 602 432 pag.
620 389 693 431 32¹
711 375 738 416 1.
784 406 798 425 ,
814 376 878 415 καὶ
890 373 965 425 μὲν
979 374 1053 413 ἄνω
1065 374 1306 427 τρισχιλίους
1322 370 1421 414 ἔσοι’·

145 432 278 486 ungor.
298 432 361 488 ᾼά
375 444 494 486 quam
514 430 718 486 quomodo
738 389 784 469 1191
799 427 1105 482 respondendum
1124 427 1284 475 addens,
1299 427 1420 476 dicit,

146 487 276 540 ῥητέον
288 487 347 526 οὖν
356 485 414 525 ὃτι
427 485 518 526 ἰ’σακ
529 480 596 524 οὔκ,
606 487 644 525 ἦν
656 498 729 537 χς.
741 483 817 524 διε.
831 482 1043 523 Enimvero
1063 494 1154 522 cum
1166 481 1323 522 duobus
1333 494 1421 522 mo-

146 540 204 581 dis
221 540 324 581 illam
344 540 392 580 ad
410 537 670 580 obiefflonem
691 536 911 591 responderi
932 534 1038 590 poffe
1057 535 1184 582 dieat,
1199 548 1279 589 ego
1297 535 1356 576 his
1375 535 1420 576 δι

148 594 247 635 alios
259 594 362 635 duos
379 593 563 634 adiiciam.
576 593 668 634 Una
687 601 795 632 certe
815 589 894 638 est,
908 590 974 631 cui
991 587 1139 630 easdem
1156 589 1239 630 illas
1255 589 1421 631 voculas

148 648 317 695 adhibet,
331 647 395 688 sed
410 646 631 702 responsum
647 646 796 687 nullum
809 644 930 686 addit:
976 656 1038 697 ag.
1053 656 1127 697 373
1144 642 1171 682 l.
1185 657 1251 694 27,
1265 645 1335 684 καὶ
1342 642 1422 695 μῦν

147 701 339 756 ‘Epaone
352 701 462 756 λέγει
483 701 544 742 ’ότι
559 699 696 762 {nminem
718 699 756 740 ἐν
777 698 860 740 τοῖς
874 701 934 738 Mn
945 697 1068 760 oannis.
1078 697 1233 738 Verum
1251 698 1299 738 ad
1317 698 1422 738 hanc

150 755 665 851 Ψίἰῗὲῖέἑῗῗιῖξὲοῗέῗεὲῗ
659 751 1004 854 &egi-3331,
1020 804 1377 859 (mima-„u-
1381 817 1424 845 r.-

150 863 298 905 &iones
313 863 408 912 illas,
419 862 502 904 five
515 863 616 903 inter
625 860 822 902 Adverbia
835 859 1014 914 ponenda
1025 858 1098 913 est)
1112 872 1195 900 non
1208 859 1319 900 illum
1327 872 1423 900 con-

151 917 302 958 suetum
315 917 357 958 &
370 916 501 972 passim
513 916 703 963 obvium,
717 914 780 956 sed
791 914 908 955 alium
925 914 1118 968 quendam
1133 912 1244 954 uffim
1259 913 1346 968 (qui
1358 926 1425 955 ve·

150 972 320 1019 teribus,
339 981 384 1012 ut
400 972 559 1024 opinor,
572 969 730 1024 ignotus
743 968 842 1023 fuit)
859 968 1078 1009 habentem.
1091 967 1187 1008 Eius
1199 967 1423 1022 exemplum

151 1024 207 1066 est
269 1038 307 1079 g.
326 1037 402 1080 337
415 1025 442 1065 L
461 1023 510 1071 8,
529 1023 590 1063 ’ὅτι
613 1021 633 1064 ὅ
653 1023 888 1076 πρέσβευσις,
901 1021 923 1063 ἦ
942 1021 1195 1071 καταβόησις,
1215 1022 1280 1062 καὶ
1292 1024 1338 1062 τὶ
1352 1037 1428 1063 ιιι·

151 1038 296 1126 agli,
316 1080 426 1131 παρὰ
441 1076 652 1128 Θουκυὲίὲῃ
672 1077 789 1118 isim.
800 1077 902 1117 Nam
923 1089 1018 1118 cum
1037 1076 1233 1131 particula
1249 1075 1314 1116 illa
1325 1074 1387 1117 ὅτι
1401 1089 1425 1116 a

152 1132 466 1187 praecedentibus
479 1132 634 1172 minime
646 1131 830 1185 pendent,
844 1130 905 1172 sed
916 1131 1134 1171 orationem
1145 1129 1225 1184 ipsa
1237 1130 1423 1179 inchoet,

152 1187 317 1228 miretur
327 1186 414 1241 quis
426 1198 507 1226 non
520 1185 728 1232 immerito,
742 1186 930 1239 quidnam
941 1185 1005 1224 illa
1017 1183 1086 1224 fibi
1099 1185 1206 1226 velit.
1219 1183 1424 1225 Sciendum

153 1239 210 1280 est
218 1241 349 1294 igitur,
362 1240 573 1294 ellipticum
585 1238 660 1280 effe
671 1239 775 1280 hunc
788 1239 891 1284 iuius
903 1237 1012 1279 usum
1025 1269 1039 1285 ‚
1052 1239 1094 1279 δι
1109 1238 1276 1293 pendere
1286 1239 1337 1278 ab
1352 1239 1427 1278 ali·

153 1307 238 1348 quo
250 1294 376 1336 verbo
389 1292 607 1334 subaudito.
620 1293 783 1334 Nullum
801 1304 932 1334 autem
953 1293 1079 1346 aptius
1092 1293 1131 1332 in
1151 1303 1320 1333 mentem
1335 1293 1428 1332 mihi

153 1348 285 1395 venit,
303 1361 422 1402 quam
437 1347 664 1399 σημείωσιν
685 1345 907 1402 praesertim
922 1360 1012 1388 cum
1032 1347 1229 1387 nonnullis
1251 1348 1368 1387 etiam
1384 1348 1425 1387 in

155 1401 257 1442 locis
268 1402 369 1456 apud
381 1402 485 1442 bunc
501 1414 662 1456 quoque
672 1401 839 1455 legatur,
850 1402 898 1442 de
909 1402 968 1449 iis,
978 1414 1079 1455 quae
1090 1411 1229 1442 notatu
1240 1401 1353 1455 digna
1367 1402 1427 1441 vi-

155 1455 307 1496 dentur.
331 1467 377 1496 ut
395 1455 539 1496 diaum
556 1469 582 1496 a
604 1469 667 1496 me
689 1454 764 1495 fuit
783 1455 824 1494 in
843 1455 940 1504 illis,
957 1468 1058 1508 quae
1077 1466 1169 1496 ante
1187 1455 1288 1495 hanc
1310 1455 1429 1495 Para-

156 1507 294 1550 soeuen
314 1509 362 1551 de
380 1508 478 1550 hisce
497 1509 651 1550 scholiis
667 1507 860 1563 praefatus
878 1509 983 1550 sum:
1001 1509 1070 1549 ubi
1090 1509 1135 1550 δι
1158 1509 1233 1549 alia
1250 1509 1430 1562 exempla

158 1564 260 1604 vide.
272 1563 457 1604 Ceterum
470 1564 636 1605 eundem
651 1562 761 1604 usum
774 1576 857 1604 vox
868 1563 989 1604 ἰστέον
1003 1563 1123 1618 (quae
1135 1563 1429 1616 sonatsciendum

158 1617 229 1670 est)
249 1617 388 1658 alicubi
412 1617 554 1659 habere
576 1618 748 1667 videtur,
761 1630 879 1671 quem
897 1617 940 1658 δι
958 1618 1184 1670 eminae.
1203 1618 1340 1659 Utitur
1358 1631 1429 1659 au·

158 1681 238 1711 tem
250 1670 314 1711 illa
330 1684 416 1733 pag.
431 1685 507 1725 379
521 1671 545 1713 l.
566 1686 628 1734 37.
781 1725 791 1738 Ι
1382 1725 1392 1734 ·

160 1724 1115 1839 φξζᾝᾞῗᾷῗῑσῖὲζζᾞξὲἷέἑὲἓέἒΐ
1136 1724 1432 1833 ζ’«ῗέἒὲὲῖἰζ

161 1842 240 1872 uca
259 1832 511 1887 plerumque,
523 1832 590 1873 seu
612 1831 813 1887 censoria)
835 1833 1021 1888 adscripta
1040 1845 1139 1873 erat:
1154 1834 1252 1874 adeo
1270 1844 1316 1874 ut
1337 1833 1432 1874 nihil

161 1897 371 1928 commune
385 1886 528 1927 habere
537 1887 614 1927 dici
627 1885 741 1940 poffit
752 1887 815 1927 illa
829 1888 1066 1940 παραγραφὴ
1079 1901 1168 1928 cum
1186 1901 1290 1929 voce
1307 1890 1434 1939 παρὰ·

161 1953 194 1993 7
242 1953 319 1988 φος,
331 1941 378 1981 de
390 1953 471 1994 qua
486 1941 587 1994 apud
601 1939 925 1995 Hephaestionem
939 1943 982 1982 δι
999 1951 1268 1982 enarratorem
1282 1941 1433 1982 Aristo-

217 1993 308 2035 anis.
332 1993 439 2035 Cum
462 2006 593 2035 autem
613 1995 718 2036 illius
739 1993 995 2049 παρειγραφῖῐς
1014 1996 1252 2036 mentionem
1278 1996 1317 2035 in
1338 1997 1433 2036 meis

214 2047 452 2089 hediasmatis
463 2047 639 2098 fecerim,
653 2050 696 2090 &
707 2050 760 2089 ita
772 2050 928 2103 quidem
938 2079 952 2098 ‚
969 2059 1035 2096 ut,
1053 2050 1148 2103 quid
1161 2050 1207 2090 de
1219 2050 1283 2090 illa
1294 2049 1432 2090 scirem

163 2099 415 2152 santii-eme,
432 2102 615 2150 dixerim,
632 2116 685 2143 eo
703 2114 742 2143 te
756 2103 1027 2144 remittendum
1045 2103 1101 2157 (fi
1123 2103 1218 2158 quid
1236 2117 1285 2144 ex
1306 2118 1369 2145 me
1385 2105 1433 2145 de

164 2154 238 2196 hac
250 2154 343 2196 scire
357 2156 488 2218 cupis)
502 2156 731 2197 existimavi.
749 2157 888 2211 Neque
908 2167 1038 2197 tamen
1059 2169 1139 2198 tam
1158 2158 1276 2211 longe
1286 2158 1435 2199 abeun-

166 2208 260 2248 dum
281 2209 349 2250 tibi
369 2220 467 2261 erit,
482 2222 527 2251 ut
581 2211 590 2219 ⁰
621 2211 685 2252 uid
701 2211 866 2264 amplius
886 2211 933 2252 de
950 2224 997 2251 ea
1018 2211 1216 2265 intelligas.
1231 2213 1313 2252 duo
1329 2213 1433 2253 enim

166 2262 683 2373 ffissssffil’ffissssmaeg
694 2265 1247 2372 Ἓξΐῐξὲᾚέοῗέἲῖἓ
1259 2265 1436 2322 supped*

222 2370 317 2412 Loci
335 2371 491 2425 quidam
511 2333 621 2422 sune,
641 2335 742 2427 qgos
761 2334 915 2414 duo3bus
932 2374 1058 2413 modis
1072 2373 1183 2415 scribi
1204 2386 1279 2415 nos
1298 2374 1436 2415 admo-

171 2435 258 2464 net:
283 2425 483 2488 nonnulli,
510 2440 612 2481 quos
641 2426 812 2467 bifariam
836 2427 895 2467 int
965 2441 1018 2467 un
1046 2428 1076 2467 ‘z
1105 2428 1264 2481 quidam
1292 2429 1410 2469 etiam
1423 2460 1436 2473 ,

171 2477 453 2579 ηζέζ“ς
459 2481 809 2580 Μεηηςέςηςς
821 2440 1144 2582 ,ἶῗῖη
1155 2482 1436 2579 ηςζέςς

378 2563 394 2588 2
545 2575 556 2588 ο
714 2566 730 2588 ²
1153 2566 1172 2586 ³
1379 2551 1404 2592 g
