1690 3120
297 235 398 275 ιε’,Ἰ
586 212 1289 265 Η.3ΤΕΡΗΑΝΓ

292 304 411 345 verba
421 335 433 354 ‚
455 303 701 359 ἇντεπλῆρουν
713 307 788 346 τὰς
802 304 894 346 ναῦς
905 304 1018 355 εὐθὺς,
1036 304 1169 346 {on-215¹&
1185 305 1250 345 καὶ
1262 303 1347 346 τοὺς
1358 303 1564 349 Ἀθηναίους

288 356 511 411 ᾖσὲιίινοντο,
524 358 741 400 scholiastes
755 371 929 407 annotat,
942 357 1178 413 πληροῦντας
1188 359 1358 401 δηλονότι
1372 362 1447 401 τὰς
1457 359 1563 402 ναῦς.

286 413 358 452 ubi
369 423 497 453 tamen
512 413 671 467 fimplex
687 427 761 469 pro
777 413 999 468 composito
1009 413 1335 467 ἀντιπληροῦντας
1348 413 1536 455 habemus
1547 445 1562 464 ,

289 478 379 506 cum
395 465 905 520 praecellerit'e'wnormipovm
917 481 997 508 non
1012 465 1202 517 ἐπλήρουν.
1215 467 1288 508 Sed
1302 468 1565 510 mutationem

285 518 392 559 illam
407 534 539 561 errore
558 522 699 562 librarii
712 521 910 576 contigisse
925 521 1104 562 credibile
1117 520 1183 561 est.
1195 521 1391 562 Interdum
1403 533 1504 563 vero
1521 522 1565 563 in

286 586 338 614 eo
354 587 491 628 peccat
514 575 576 616 hic
589 574 828 622 scholiastes,
844 576 952 629 quod
968 588 1060 616 cum
1082 575 1175 615 illud
1195 574 1331 615 infiniti
1346 576 1452 616 modi
1468 589 1563 617 ver-

285 627 380 668 bum
402 628 539 669 habeat
561 627 666 684 apud
688 629 982 681 Thucydidem,
1001 629 1108 682 quod
1129 628 1426 674 subaudiendum
1447 630 1485 669 in
1505 629 1563 671 se-

286 683 495 735 quentibus
509 680 583 730 est,
606 683 709 724 aliud
723 683 868 724 afferat.
881 684 1034 724 Verum
1050 682 1090 723 id·
1101 682 1276 724 excusari
1289 682 1396 738 poffe
1408 683 1566 725 videtur

286 735 444 777 alicubi:
467 736 519 778 fic
532 748 659 778 tamen
671 769 685 786 ‚
699 747 745 778 ut
763 737 864 778 haud
878 736 989 778 sciam
1002 749 1054 776 an
1065 735 1354 778 excusationem
1368 748 1564 779 mereatur

287 789 365 830 hoc
382 790 472 831 loco
490 804 575 844 pag.
592 791 669 845 380
691 791 717 831 l.
733 792 804 845 36,
824 790 890 831 καὶ
909 790 975 832 τῆς
997 789 1118 832 ἄλλως
1137 791 1378 843 Ἀκαρνανίας
1390 790 1462 832 τῆς
1476 789 1565 846 περὶ

286 844 498 885 θάλασσαν
514 843 619 885 ἔστιν
635 845 663 884 ἃ
676 845 800 899 χωρία
813 844 1026 896 βουλὸμενοι
1039 841 1392 897 προσ-παύσασθαι,
1401 845 1468 886 καὶ
1478 860 1565 886 πει-

285 897 466 950 ραθέντες,
487 897 533 939 ὣς
549 897 613 939 οῦκ
624 899 800 940 ἐδύναντο
811 930 824 947 ,
844 900 1040 940 ἀπέπλεον
1058 900 1120 939 ἐπ’
1139 899 1248 938 οἴκου.
1263 899 1347 939 Hic
1354 899 1456 938 enim
1468 912 1566 940 cum

286 951 366 990 ἀπὸ
390 951 508 993 κοινοῦ
529 954 648 1007 repeti
672 964 794 1007 queat
814 951 1169 1005 προσποιήσασθαι,
1192 951 1408 993 scholiastes
1430 962 1564 994 tamen

287 1005 390 1046 aliud
402 1007 566 1058 verbum
587 1006 720 1048 affert:
742 1007 917 1048 videlicet
937 1005 1076 1052 λαβεῖν.
1096 1020 1184 1047 nam
1200 1005 1285 1060 post
1304 1006 1426 1047 verba
1439 1006 1562 1055 haec,

285 1071 309 1100 e
323 1069 433 1100 textu
447 1059 583 1110 sumta,
594 1057 643 1102 ὦς
661 1060 731 1102 οὐκ·
742 1059 942 1108 ἠδύναντο,
959 1061 1138 1115 legimus,
1156 1059 1287 1107 λαβεῖν
1303 1059 1488 1102 ὣηλονότι.
1504 1061 1564 1102 At

286 1126 385 1154 vero
407 1114 474 1154 ubi
494 1116 628 1156 dicitur
650 1114 826 1156 Ἀθηναῖοι
845 1114 1039 1163 δηλονότι,
1060 1115 1131 1155 vel
1149 1113 1460 1166 Λακεέαιμόνιοι,
1479 1113 1563 1156 five

285 1166 574 1210 Πελοποννήσιοι
584 1200 596 1219 ,
611 1168 694 1210 five
709 1168 971 1222 Συρακούσιοι,
989 1178 1059 1210 aut
1073 1169 1168 1209 haec
1182 1168 1342 1208 nomina
1353 1168 1431 1209 alio
1445 1168 1484 1208 in
1499 1182 1563 1209 ca·

283 1220 329 1281 {u
342 1233 557 1275 ponuntur,
574 1223 662 1263 talia
679 1222 883 1264 sumuntur
896 1223 1049 1278 quidem
1065 1235 1113 1263 ex
1125 1223 1182 1271 iis,
1198 1235 1299 1276 quae
1318 1222 1420 1276 apud
1437 1221 1562 1276 ipsum

285 1278 509 1330 lcriptorem
526 1277 783 1331 praecedunt,
801 1276 863 1318 sed
880 1290 960 1317 non
974 1288 1103 1326 tamen
1115 1277 1183 1324 ita,
1202 1288 1247 1316 ut
1258 1287 1579 1328 annumerentur-

284 1330 328 1369 iis
340 1360 351 1377 ,
370 1344 470 1384 quae
483 1331 567 1371 &orb
578 1330 701 1372 κοινοῦΙ
712 1332 872 1384 repetita
886 1330 1175 1371 subaudiuntur.
1188 1329 1250 1371 Sic
1263 1329 1395 1384 paffim
1411 1330 1484 1371 ubi
1497 1330 1562 1371 ali-

285 1385 351 1424 cui
371 1386 518 1424 nomini
530 1386 692 1440 proprio
705 1385 951 1438 subiungitur
962 1385 1136 1440 ἓηλονότι
1149 1415 1161 1434 ,
1181 1394 1248 1424 aut
1259 1384 1373 1425 alicui
1391 1397 1532 1426 eorum
1543 1414 1561 1432 ,

284 1450 385 1491 quae
399 1437 519 1480 ἑθνικὲι
532 1450 748 1480 vocantur:
761 1451 805 1480 ut
816 1439 934 1494 p.380
947 1439 971 1478 l.
988 1454 1051 1493 32,
1061 1438 1198 1492 Ἠρχον
1211 1437 1257 1478 δὲ
1269 1436 1339 1478 τῆς
1350 1437 1562 1493 στρατιαῖς)

285 1491 358 1532 τῶν
372 1492 549 1545 Κορινθίων
563 1493 751 1534 δηλονότι.
767 1493 809 1534 &
823 1492 948 1532 statim
964 1492 1049 1547 post
1060 1522 1074 1539 ‚
1096 1491 1346 1585 Karii‘yoeyot?
1361 1494 1426 1533 τὶν
1445 1491 1559 1546 Εὔαρ·

284 1561 358 1600 χον
380 1545 567 1588 δηλονότι.
584 1547 645 1588 Sic
665 1549 781 1588 etiam
803 1547 873 1587 ubi
891 1547 1112 1601 pronomini
1130 1547 1297 1587 relativo
1335 1545 1559 1600 ubiungit'ur

286 1600 350 1646 id,
367 1601 480 1641 cuius
499 1601 553 1642 est
567 1601 722 1642 relatio..
737 1597 882 1650 αὗτοῖς,
894 1601 975 1641 τοῖς
994 1599 1188 1641 Ἀθηναίοις
1200 1599 1386 1640 cumbra·
1399 1601 1467 1641 vel
1480 1604 1559 1640 Λα-

284 1653 545 1705 κεὲαιμονίοις.
566 1655 628 1696 Sic
646 1656 785 1695 dativo
799 1652 905 1705 αὐτῷ
919 1655 986 1695 vel
997 1654 1114 1705 ἐκείνῳ
1130 1654 1373 1708 subiungitur
1389 1666 1534 1694 nomen
1545 1684 1557 1703 ‚

284 1708 399 1749 cuius
414 1708 468 1749 est
491 1709 698 1749 relativum
709 1740 722 1756 ,
740 1709 868 1750 addito
888 1708 1078 1758 advenam
1095 1707 1282 1749 ἓηλονὸτι.
1298 1707 1373 1748 Sed
1392 1708 1560 1761 plerum-

285 1774 362 1816 que
383 1763 576 1803 omittitur
589 1763 773 1804 suman·
792 1773 836 1803 ut
858 1775 943 1816 pag.
966 1762 1090 1816 3601.
1108 1777 1173 1810 211,
1191 1762 1317 1802 Οϊσειν
1340 1757 1472 1824 αὐτῷ)
1500 1762 1558 1812 τῷ

284 1817 471 1870 Περικλεῖ.
486 1816 583 1857 Item
593 1813 728 1866 αὗτδς)
745 1817 982 1857 Παυσανίας.
996 1816 1045 1856 Et
1057 1829 1105 1870 pa
1135 1847 1143 1855 .
1155 1816 1228 1870 361
1243 1817 1268 1855 l.
1284 1829 1347 1865 14,
1358 1811 1486 1869 Αὖτῳ)
1501 1816 1559 1866 τῷ

283 1868 520 1924 Ἀρταβάζῳ.
540 1871 635 1911 Item
650 1871 675 1911 l.
689 1886 713 1926 9
725 1902 737 1920 ‚
755 1866 861 1919 Αὗτῷ
870 1869 887 1923 )
900 1869 955 1919 τῷ
970 1829 1217 1923 Hipcpfitem
1232 1882 1322 1910 cum
1336 1869 1395 1916 id,
1411 1869 1519 1923 quod
1534 1883 1559 1910 a

281 1925 515 1978 pronomine
529 1924 708 1972 refertur,
727 1924 781 1965 est
794 1937 940 1965 nomen
954 1923 1250 1978 appellativum:
1271 1933 1318 1963 ut
1330 1935 1416 1976 pag.
1434 1923 1510 1976 360
1532 1924 1558 1965 l.

289 1977 337 2017 18
349 2007 365 2026 ‚
382 1974 489 2027 Αὗτῷ
498 1978 518 2032 )
535 1978 589 2028 τῷ·
604 1980 706 2033 ἄγει.
721 1979 857 2032 Atque
870 1978 968 2018 adeo
980 1990 1029 2018 ex
1047 1977 1145 2018 locis
1158 1989 1240 2016 non
1256 1977 1396 2017 vicinis
1406 1975 1532 2017 solum
1543 2008 1557 2027 ‚

282 2030 346 2072 sed
366 2031 560 2084 contiguis
572 2033 688 2073 etiam
699 2062 712 2078 ,
732 2032 925 2072 interdum
946 2043 1048 2071 unus
1061 2031 1292 2071 adverbium·
1308 2030 1402 2070 illud
1419 2029 1558 2079 habet,

283 2085 379 2126 alter
392 2086 565 2126 minime:
587 2097 675 2126 cum
691 2098 819 2126 tamen
831 2085 1038 2138 utrobique
1051 2084 1153 2124 idem
1163 2083 1209 2124 fit
1220 2084 1480 2124 annotationis
1518 2098 1558 2126 e-

281 2151 367 2179 nus.
383 2139 455 2180 Sed
475 2139 624 2193 plerum
655 2152 725 2188 ue,
739 2138 820 2179 five
834 2138 961 2192 posito
978 2138 1046 2178 illo
1063 2138 1272 2186 adverbio,
1292 2137 1372 2178 ssve
1389 2139 1470 2177 omi
1501 2153 1529 2179 o
1541 2170 1558 2188 ,

283 2193 331 2234 de
342 2206 392 2234 eo
403 2193 632 2234 admonetur
656 2192 779 2239 euor,
792 2193 838 2233 de
851 2205 933 2246 quo
945 2192 1119 2232 dubitare
1133 2191 1241 2232 nullo
1254 2191 1370 2245 paRo
1411 2202 1556 2233 otei-at:

282 2247 393 2287 &ita
404 2247 558 2300 quidem
570 2276 581 2295 ‚
603 2258 646 2288 ut
659 2247 801 2287 alicubi
822 2247 979 2286 turbare
997 2246 1113 2286 etiam
1126 2245 1339 2299 quodamm
1437 2245 1558 2287 Icelo-

282 2314 388 2348 rem,
406 2311 474 2341 aut
495 2300 624 2341 saltem
644 2300 888 2354 interpellare
905 2300 1001 2340 haec
1021 2300 1240 2339 admonitio
1266 2298 1319 2352 (fi
1339 2299 1393 2339 ita
1414 2298 1453 2339 id
1479 2313 1557 2341 vo·

283 2354 450 2395 candum
465 2354 536 2409 est)
548 2353 672 2409 poffit.
690 2354 866 2408 Exempli
882 2354 1004 2407 gratia
1015 2383 1028 2400 ,
1045 2366 1131 2407 pag.
1151 2367 1222 2407 393
1244 2353 1269 2393 1.
1284 2352 1334 2392 28
1346 2383 1359 2400 ,
1377 2352 1447 2392 Καὶ
1459 2368 1557 2407 παρ-

284 2409 430 2463 έσχετε
443 2405 576 2463 αὐτὴν)
589 2408 620 2447 οἱ
631 2409 708 2450 θεοὶ
718 2407 904 2450 suma-n.
918 2407 1019 2447 Cum
1035 2407 1136 2447 enim
1153 2409 1198 2454 is,
1213 2419 1236 2446 a
1248 2404 1408 2460 quoista
1417 2405 1557 2446 dicun--

283 2473 365 2511 tur,
377 2462 595 2516 alloquatur
608 2461 742 2510 Deos,
759 2472 877 2515 atque
892 2461 928 2501 id
941 2459 1179 2501 manifestum
1196 2459 1240 2500 fit
1251 2489 1263 2507 ‚
1284 2472 1366 2500 non
1382 2461 1556 2500 immeri-

284 2526 331 2558 to
350 2516 511 2559 miretur
530 2515 664 2568 lector,
679 2529 749 2558 cur
767 2516 845 2559 hoc
862 2526 1082 2565 annotetur,
1104 2513 1214 2570 quasi
1235 2513 1373 2570 aliquis
1385 2526 1467 2555 nou
1485 2513 1557 2559 ad-
