1690 3120
301 208 398 245 200
500 193 1380 252 'ANNOTATIONES

298 284 442 339 scripta
452 284 519 334 est,
535 287 788 342 interpretari.
801 286 927 341 Quod
937 288 966 329 fi
978 302 1059 330 non
1075 289 1235 331 sufficiat
1247 291 1325 338 ista.
1339 291 1452 333 addas
1463 292 1497 333 ei
1510 305 1578 336 ve·

300 339 371 380 lim
393 340 626 394 ingeniosam
647 341 799 383 hanc&
813 354 1079 397 opportunam
1102 344 1163 385 Fr.
1181 345 1302 386 Porti:
1321 346 1355 386 ἂν
1377 346 1574 399 ἀμφιβόλῳ

298 395 341 433 6⁵
352 394 388 433 in
403 395 528 434 maiore
546 396 697 449 periculo
716 397 895 489 constituti.
915 399 1094 439 Rationem
1113 414 1183 439 non
1203 398 1302 452 affert
1314 411 1445 454 aperte:
1455 401 1524 453 sed
1532 417 1573 442 ea

297 450 412 502 pofita
426 450 469 503 est
480 450 516 488 in
530 452 626 489 verbo
636 464 760 502 μηνοει
794 450 842 492 ές.
858 451 1050 492 GRAMM.
1222 485 1226 489 .
1316 492 1319 496 .

357 505 433 542 ead.
446 503 468 541 L
489 505 548 544 16.
571 505 789 554 Σημείωο-οιι
810 503 876 545 τὴν
898 505 1088 558 σύνταξιν,
1107 505 1157 546 ἃς
1177 505 1312 560 βρόχοι
1330 507 1574 560 περιβάλλον·

300 555 388 610 τες)
399 556 669 610 Thucydides:
692 556 741 598 ἑὶς
754 556 859 611 (scil.
871 562 1062 611 μηχανὰς
1075 560 1092 607 )
1107 560 1268 614 βρόχους
1278 562 1573 613 περιβάλλοντες

300 609 465 651 ἀνέκλων
480 610 509 650 οἱ
524 611 737 663 Πλοιτοιιῇς.
752 612 863 666 Quid
886 612 1089 653 offenderit
1107 613 1295 667 singulare
1307 615 1348 654 in
1368 615 1427 656 his
1443 617 1573 657 verbis

302 662 590 706 Grammaticus
604 665 746 714 noster,
758 679 840 707 non
852 667 977 720 capio.
993 666 1059 708 An
1075 667 1199 708 voluit
1212 668 1373 720 βρόχους
1387 683 1454 722 per
1465 670 1571 725 hyp·

302 716 452 771 allagen
468 730 609 773 quarto
622 719 710 760 casu
725 722 839 774 poni,
854 734 928 775 pto
941 722 1069 775 βρόχοι
1082 737 1094 770 3
1113 722 1168 761 At
1183 722 1259 762 hoc
1271 722 1428 764 minime
1440 736 1542 778 opus
1555 754 1570 771 ‚

300 784 391 812 cum
405 773 667 815 nominativus
683 787 777 815 mox
795 774 896 815 adest
911 774 1125 826 Πλαταιξῐς.
1140 777 1223 816 Nec
1239 775 1399 829 speciem
1415 778 1570 831 quidem

300 824 453 879 figurae
471 828 592 868 verba
611 827 779 868 auctoris
802 829 955 869 habenn
973 829 1165 870 GRAmm.
1190 830 1229 870 A
1248 829 1346 870 Caff.
1368 830 1473 872 abest
1490 833 1571 873 ine·

301 891 414 933 ptum
437 881 514 942 hoc
534 880 733 932 scholion,
753 882 796 923 &
817 882 940 924 solum
959 883 1119 938 βρόχους
1140 885 1239 925 inter
1257 883 1391 925 versus
1411 888 1570 940 σχοινία.

299 946 350 974 ex
380 946 523 975 onitur.
1168 954 1170 956 ’

351 948 429 1028 lgad.
447 990 472 1029 l.
491 1004 505 1029 1
514 989 550 1030 8.
563 992 610 1029 To
623 990 935 1045 προβεβλημένον)
952 990 1014 1031 Ad
1027 990 1268 1045 ἀπεκοιύλιζε
1279 991 1319 1031 in
1333 991 1432 1033 Caff.
1446 1006 1572 1035 anno·

301 1049 419 1090 tatur,
435 1044 612 1095 ἀπέτεμε
630 1048 674 1084 τ“ο
692 1046 810 1097 ἄκρον.

355 1099 431 1136 ead.
444 1099 467 1136 l.
480 1112 542 1138 20.
555 1098 736 1140 Ἐπινοίοις
748 1095 904 1191 dumo.)
919 1097 957 1138 Si
969 1099 1187 1151 genitivum
1201 1099 1315 1140 istum
1327 1098 1391 1140 hic
1409 1111 1568 1154 oportet

298 1146 515 1200 ὑπακούειν,
526 1153 622 1192 idern
639 1153 680 1194 &
691 1153 771 1194 aliis
783 1151 874 1207 pleri
892 1166 967 1206 que
979 1153 1074 1194 locis
1086 1152 1139 1193 est
1153 1152 1385 1201 faciendum,
1404 1167 1492 1195 cum
1506 1168 1570 1195 ea-

301 1203 388 1244 dem
407 1205 449 1246 lo
480 1207 592 1246 uendi
609 1206 735 1247 forma
750 1207 790 1247 δι
810 1208 850 1247 in
869 1207 950 1247 aliis
967 1205 1062 1248 loeis
1075 1219 1264 1248 occurrat.
1277 1206 1429 1248 STEPH.
1443 1207 1568 1250 Paulo

298 1258 387 1310 post
399 1259 437 1299 in
488 1259 550 1300 aff.
563 1261 612 1300 ad
625 1261 842 1314 φακέλλους
854 1261 974 1301 minio
991 1261 1170 1315 scriptum
1189 1271 1270 1302 erat
1283 1262 1439 1315 <popa-ix,
1453 1263 1493 1303 &
1506 1263 1568 1304 de-

298 1312 387 1353 inde
404 1323 621 1355 atramento
631 1345 645 1362 ,
662 1315 842 1367 φάκελος,
856 1313 1012 1365 θεσμὸς,
1026 1316 1186 1368 φορτίον,
1203 1316 1267 1356 καὶ
1282 1318 1327 1354 το
1345 1315 1432 1357 ταῖς
1447 1331 1567 1366 κεφα-

296 1366 388 1407 λαῖς
407 1368 632 1420 φορούμενον.
651 1367 730 1410 ἷίτοι
747 1370 791 1408 τό
806 1369 1021 1421 φοιο-κόλιον.
1043 1369 1117 1410 Sed
1138 1382 1218 1410 non
1241 1381 1338 1424 puto
1356 1371 1567 1422 <pao-nmo!

297 1420 400 1462 idem
418 1422 514 1468 effe,
538 1423 646 1476 quod
665 1422 846 1475 φάκελον.

353 1479 426 1516 ead.
441 1479 464 1516 l.
478 1477 656 1518 22.’‘Eo·*n
669 1480 750 1530 γὰρ
761 1477 826 1517 καὶ
843 1474 1084 1531 αὐτόματος)
1093 1475 1564 1531 Intelligit‚Thucydidem

294 1528 388 1569 ideo
401 1530 659 1584 χειροποίητον
670 1531 856 1580 adiecisse,
869 1533 975 1585 quod
986 1532 1098 1573 etiam
1111 1530 1216 1584 φλὸξ
1227 1543 1504 1586 nonnunquam
1519 1532 1566 1574 fit

298 1581 532 1635 αὐτόματος·
574 1599 628 1626 uo
641 1599 787 1626 vocare
799 1586 957 1626 nomine
970 1585 1168 1640 poffumus
1178 1598 1282 1634 eam,
1297 1586 1408 1626 cuius
1422 1586 1471 1626 ab
1482 1586 1566 1641 ipso

296 1635 531 1691 Thucydide
544 1600 588 1679 gt
605 1640 644 1679 in
666 1641 844 1695 proxime
864 1640 1107 1694 sequentibus
1123 1639 1253 1680 verbis
1272 1641 1432 1680 mentio.
1451 1641 1565 1683 Hanc

283 1702 430 1732 ⁴autem
451 1693 553 1734 veile
572 1693 679 1734 illum
699 1695 880 1747 excipere
901 1694 1062 1734 constat.
1077 1694 1185 1748 quod
1194 1693 1308 1733 Valla
1328 1704 1374 1734 ut
1391 1696 1564 1747 apertius

293 1746 490 1795 redderet,
509 1747 556 1788 de
583 1747 654 1788 suo
671 1749 807 1789 adiecit
824 1751 1017 1789 dumtaxat.
1030 1749 1160 1788 Vertit
1180 1747 1304 1795 enim,
1321 1749 1409 1787 unde
1428 1760 1562 1790 tantum

289 1802 456 1852 flammae
468 1803 651 1842 excitatum
665 1805 709 1856 est
717 1833 729 1851 ‚
751 1816 914 1858 quantum
928 1819 1022 1843 nemo
1036 1816 1187 1856 unquam
1204 1804 1254 1841 ad
1262 1813 1390 1855 tempus
1402 1801 1494 1841 illud
1504 1803 1562 1842 in-

286 1853 407 1908 spexit
421 1855 640 1910 (dumtaxat)
654 1872 758 1896 manu
772 1858 808 1896 δ’
820 1858 983 1910 industria
990 1856 1134 1909 flabiam.
1157 1855 1231 1896 Sed
1245 1868 1321 1909 ego
1334 1854 1561 1906 maluissem,

294 1923 400 1948 manu
413 1909 560 1964 (quidem
572 1910 672 1964 certe)
693 1912 728 1950 δι’
740 1911 1051 1966 ιἠἅιιβήαῇιέἶιιιη.
1061 1910 1174 1965 Quin
1185 1910 1298 1951 etiam
1310 1909 1496 1950 incendium
1507 1910 1561 1950 li-

293 1960 447 2005 bentius
459 1963 641 2006 dixiffem.
661 1964 815 2006 STEPH.

349 2022 424 2059 ead.
438 2020 462 2058 l.
479 2031 541 2068 ας.
555 2019 712 2074 'Oai-you
729 2019 833 2066 ὅτε.)
855 2018 980 2072 Quasi
1000 2030 1100 2059 veto
1115 2017 1182 2072 qui
1201 2016 1423 2070 ἐλαχίστου
1445 2016 1560 2069 dicit,

292 2084 375 2113 non
389 2072 475 2126 plus
487 2072 587 2113 dicat
598 2103 609 2118 ,
628 2086 747 2127 quam
761 2073 828 2127 qui
841 2073 990 2125 ὀλίγον.
1005 2072 1131 2112 Imm.

345 2128 422 2166 ead.
436 2127 458 2165 l.
477 2140 538 2178 29.
552 2126 598 2166 Οἱ
613 2125 827 2179 samby-res)
840 2125 904 2167 De
915 2127 985 2166 hac
998 2125 1184 2166 divifione
1197 2123 1289 2177 quid
1304 2123 1398 2164 mihi
1410 2123 1561 2166 videre·

290 2188 371 2226 tur,
393 2181 471 2220 dixi
485 2180 523 2218 in
544 2181 603 2227 iis,
627 2193 729 2234 quae
749 2181 787 2220 in
811 2181 966 2221 titulum
988 2179 1094 2220 illum
1119 2177 1310 2219 annotavi
1324 2181 1559 2219 ΘΟΥΚΥΔΙ-

292 2237 398 2274 ΔΟΎ
410 2237 503 2273 ΤΩΝ
523 2238 593 2273 ΕΙΣ
618 2239 742 2273 ΟΚΤΩ
763 2238 824 2273 ΤΟ
845 2237 1043 2274 ΠΡΩΤΟΝ.
1062 2232 1190 2273 IDEM.

343 2291 417 2327 ead.
434 2288 458 2326 l.
477 2301 537 2341 32.
551 2288 590 2327 ‘H
604 2287 836 2341 Σπάρτωλος
849 2286 1182 2340 προπαροξύτονον)
1194 2285 1285 2325 Non
1298 2281 1414 2325 habet
1426 2283 1527 2325 Cass'.

347 2342 438 2396 Pag.
451 2354 538 2395 395.
555 2342 578 2381 l.
595 2355 629 2381 1.
651 2341 907 2394 *Τπεχώρουή
923 2340 1024 2381 Istud
1043 2337 1260 2394 ὑπεχώρουν
1273 2337 1467 2392 expositio
1480 2339 1556 2380 ess'e

289 2395 445 2436 videtur
460 2394 527 2448 (ut
542 2395 589 2436 ad
603 2395 873 2448 Thucydidem
886 2395 990 2448 dixi)
1004 2394 1115 2435 verbi
1130 2393 1357 2433 ἑνεέίέοσοιν.
1372 2393 1472 2432 Nam
1487 2394 1555 2447 qui

287 2446 500 2503 ὑποχωρεῖ,
520 2448 553 2490 is
566 2448 737 2490 ἐνέίθωσι
749 2479 762 2496 ,
781 2449 822 2489 &
836 2461 915 2489 non
930 2447 1091 2501 ἀντέχει
1104 2477 1116 2494 ,
1135 2457 1179 2488 ut
1199 2446 1277 2499 ipse
1290 2446 1478 2511 interdum
1494 2446 1554 2486 lo-

288 2504 442 2560 quitur:
463 2503 580 2549 ceteri
594 2515 722 2546 autem
733 2501 843 2559 saepe
854 2516 928 2559 pro
943 2502 1010 2544 illo
1025 2501 1211 2545 {wesema
1226 2501 1359 2543 dicunt
1369 2515 1449 2558 ουχ
1460 2501 1554 2541 ὑπο·

1658 0 1690 92 ’ξ

1674 86 1690 247 2}
