1690 3120
311 207 408 242 220
513 189 1384 242 ANNOTATIONES

310 289 521 333 utrumque
535 279 773 333 participium
790 278 1014 329 ἐκφοβοῦντα
1033 280 1072 321 δι
1094 280 1260 336 λέγοντα
1273 281 1426 323 referre.
1446 282 1582 324 Sentio

310 346 402 374 cum
416 334 622 386 interprete
634 361 646 382 ‚
666 335 734 387 qui
749 333 974 382 ἑκφοβοῦντα
991 335 1038 374 ad
1054 335 1198 388 ἀγαθὴν
1211 337 1388 383 πολίτην,
1403 336 1443 376 δι
1456 337 1582 389 φαίνε-

308 389 408 428 σέδοιι
423 387 470 427 ad
486 387 653 441 λέγοντα
670 387 794 428 solum
808 388 958 441 putavit
970 389 1169 441 pertinere.
1182 389 1388 430 Φαίνεσῧοιι
1401 390 1583 446 λέγοντα,

308 453 386 494 pro
406 442 613 491 φαίνεσθαι
632 441 706 494 λε”γ
714 455 780 488 ειν,
797 451 841 481 ut
856 441 1149 494 quamplurimis
1170 444 1252 485 aliis
1273 443 1380 484 locis.
1398 443 1490 483 Ἀπὸ
1511 444 1581 484 τοῦ

308 494 394 534 'io-ou
415 495 454 534 in
465 494 701 546 Thucydide
714 508 796 535 non
807 495 943 535 eodem
958 496 1077 536 modo
1090 507 1246 537 vertunt
1259 497 1492 552 interpretes.
1506 498 1581 539 Mi-

310 547 350 587 hi
367 549 520 588 videtur
542 549 642 588 idem
661 546 757 596 effe,
776 549 884 602 quod
904 564 1013 602 aequa
1032 551 1239 590 conditione:
1261 563 1350 590 nam
1376 552 1443 606 qui
1464 551 1582 592 alium

311 603 564 654 pecuniarum
584 614 628 643 ca
658 613 783 643 tarum
799 601 1012 657 suspthum
1027 602 1141 651 facit,
1160 616 1243 658 quo
1262 603 1500 658 potiffimum
1519 605 1582 646 hic

311 655 499 710 respicere
514 666 611 710 puto
671 657 871 704 iodotum,
891 656 931 697 δι
952 656 1030 698 hoc
1044 658 1198 706 obiecto
1212 658 1371 699 crimine
1388 669 1531 706 terret,
1549 660 1583 700 is

310 721 393 750 non
416 709 597 763 relinquit
615 712 651 750 ei
667 723 831 763 aequam
851 709 980 750 secum
998 711 1271 751 conditionem.

365 766 440 804 ead.
454 766 479 804 l.
496 778 558 818 23.
575 765 644 803 Καὶ
664 764 809 826 Sestum)
817 763 928 820 ”Hyan
940 765 1222 818 χαλεπώτατα
1235 765 1339 806 addit
1355 764 1428 806 Ms.
1441 763 1526 806 Bas.

311 871 358 912 M
362 819 443 911 fag.
458 818 563 910 [1..24.
579 818 651 859 Ka}
665 818 852 872 ἅπατᾳν)
868 818 938 858 Κοιὶ
954 817 1114 870 aaron&
1128 818 1185 861 ὅτι
1199 821 1306 860 καλὰ
1322 819 1435 861 ἔσται
1446 818 1584 874 ταῦτα.

377 902 385 910 .
444 885 466 910 τι
485 901 494 910 .

368 927 443 966 ead.
457 927 482 966 l.
499 939 562 979 32.
575 925 650 965 Τῶν
668 926 876 967 ἀσκέπτως
887 925 1094 981 λεγόντων)
1112 925 1244 967 Deest.

366 981 445 1020 ead.
458 980 484 1020 l.
499 979 560 1033 38.
576 982 653 1019 Τὰς
667 980 821 1035 πόλεις)
837 979 908 1022 Τῆς
919 980 1079 1021 πόλεως.

366 1034 461 1086 Pag.
473 1034 598 1087 423.l.
619 1048 653 1087 3.
666 1033 718 1085 Τῇ
728 1034 978 1090 πιθανολογίᾳ
990 1032 1057 1074 τοῦ
1069 1032 1245 1088 Κλέωνος)
1263 1032 1322 1084 T&
1339 1031 1497 1086 πιθανῷ.

367 1089 444 1127 ead.
462 1088 487 1126 l.
510 1100 541 1141 5.
554 1089 665 1128 Μετὰ
677 1088 750 1129 τῶν
763 1088 1034 1142 Μιτυληναίων)
1048 1090 1159 1127 Κατὰ
1170 1087 1243 1128 τῶν
1259 1091 1527 1142 Μιτυληναίων.

369 1145 446 1192 ead.
457 1142 481 1182 l.
497 1141 555 1181 16.
570 1141 640 1181 Καὶ
654 1141 741 1183 τοὺς
759 1146 897 1183 Mra-wi.
912 1142 1056 1182 ἀποκτ.
1067 1140 1086 1195 )
1099 1141 1169 1181 Καὶ
1180 1141 1210 1181 εἰ
1224 1139 1311 1182 τοὺς
1323 1145 1412 1183 Μιτ.
1423 1143 1566 1183 ἀποκτ.

369 1199 444 1236 ead.
459 1196 484 1235 l.
502 1208 563 1248 37.
573 1195 833 1248 Ἀριστοτέλης
843 1196 880 1238 ἐν
894 1195 971 1238 τοῖς
986 1194 1158 1250 Ἠθικοῖς)
1166 1195 1210 1235 In
1224 1194 1307 1251 ipso
1315 1196 1508 1251 principio
1516 1197 1587 1237 Ni-

317 1249 650 1301 comacheiorum.

370 1305 466 1356 Pag.
482 1317 574 1352 424.
590 1305 616 1344 l.
632 1318 665 1344 1.
678 1302 722 1344 Οἱ
739 1302 986 1358 ξυντυχόντ.)
999 1302 1070 1344 Ms.
1084 1315 1163 1343 non
1181 1303 1295 1344 habet
1307 1303 1383 1344 hoc
1396 1302 1586 1354 scholion.

369 1359 443 1397 ead.
457 1358 481 1397 l.
497 1372 533 1407 4.
557 1358 678 1398 Μούνη
700 1357 738 1397 θ’
763 1354 890 1398 αὐτόθι
912 1356 1047 1412 ἐλπὶς)
1069 1356 1134 1397 Est
1151 1358 1191 1398 in
1204 1357 1352 1410 ”Ep-ymi-
1369 1371 1410 1397 v.
1427 1359 1490 1410 96.
1513 1357 1587 1397 Sed

315 1410 392 1451 Ms.
408 1410 523 1452 Μούνη
541 1411 579 1452 θ’
597 1407 724 1452 αὗτόθι
738 1411 862 1459 ἐλπὶς,
880 1412 944 1452 καὶ
960 1413 1017 1451 τὰ
1031 1411 1164 1451 λοιπά.
1181 1410 1320 1452 Cetera
1333 1410 1477 1452 desunt.
1491 1411 1587 1452 Non
1619 1422 1625 1435 “¹

314 1464 417 1506 male
429 1496 441 1514 ‚
460 1465 502 1505 &
515 1478 564 1506 ex
582 1478 693 1506 more
706 1478 884 1507 veterum
898 1466 937 1506 in
954 1465 1114 1506 citandis
1133 1465 1236 1505 notis
1254 1464 1480 1506 testimoniis
1496 1462 1587 1505 scri-

315 1530 475 1572 ptorum
493 1550 505 1568 ‚
530 1533 648 1574 quem
671 1519 764 1561 alibi
788 1533 947 1574 quoque
969 1518 1138 1573 sequitur
1159 1517 1386 1559 Scholiastes
1401 1549 1416 1566 ‚
1442 1517 1587 1558 omiffis

318 1573 436 1613 etiam
452 1573 524 1614 illis
538 1575 601 1615 καὶ
615 1575 671 1614 τὰ
686 1577 823 1615 λοιποὶ.
835 1574 937 1614 Vide
948 1574 1174 1627 interpretes
1187 1572 1391 1614 Ciceronis
1403 1573 1449 1613 ad
1459 1572 1519 1612 VI
1537 1572 1588 1612 E-

315 1626 440 1680 pistol.
464 1626 596 1679 Famil.
618 1627 687 1677 18,
711 1629 754 1670 &
775 1627 1053 1669 casaubonum
1071 1627 1119 1667 ad
1139 1626 1298 1668 Sueton.
1319 1626 1456 1668 Tiber.
1476 1625 1586 1668 XXI.

318 1680 431 1722 Adde
442 1712 454 1731 ,
472 1695 572 1735 quae
587 1681 687 1722 infra
697 1682 744 1722 ad
757 1696 844 1736 pag.
857 1695 937 1735 454
951 1691 1200 1723 annotantur.

371 1737 447 1775 ead.
461 1735 486 1775 l.
505 1735 542 1776 6.
560 1736 653 1776 ’Am
674 1735 788 1777 κοινοῦ
803 1759 849 1767 -
863 1735 1068 1789 κινδύνους)
1080 1736 1176 1782 ΔΝοτι
1192 1733 1248 1776 est
1261 1734 1313 1774 in'
1324 1732 1397 1777 Ms-

339 1842 341 1844 ,
371 1791 445 1830 ead.
467 1790 492 1830 l.
505 1803 544 1841 7.
559 1789 629 1831 Τὴν
645 1785 833 1844 εὖπορίοιν,
849 1789 914 1831 τὴν
934 1787 1082 1843 ἄνυσιν)
1101 1789 1210 1830 Haec
1229 1801 1308 1829 non
1333 1787 1522 1843 pertinent
1539 1786 1588 1828 ad

317 1843 675 1898 interpretationem
694 1846 806 1886 vocis
829 1843 1015 1893 ἐπιβολὴν,
1034 1856 1135 1898 quae
1151 1840 1366 1886 absolvitur
1387 1855 1466 1883 una
1484 1854 1588 1883 voce

319 1897 390 1939 τὴν
407 1898 423 1938 ἑ
498 1898 640 1951 ripun-tv.
658 1898 751 1940 [nde
764 1898 1020 1939 inchoandum
1034 1907 1117 1937 erat
1130 1909 1281 1937 novum
1301 1895 1500 1944 scholion,
1520 1895 1588 1936 τὴν

318 1911 557 2006 εὖποὲζίτῆν
568 1949 712 1992 ἄνυσιν.
724 1951 798 1993 Ms.
807 1952 878 1992 si&
888 1951 956 1992 τὴν
969 1952 1109 1993 ἄνυσιν.
1118 1950 1226 1991 Nihil
1236 1949 1461 1991 mutandum
1475 1959 1587 2004 puto.

374 2009 448 2046 ead.
469 2007 493 2046 l.
510 2005 652 2059 8.”Εξω
674 2005 894 2061 φροντίὲος)
916 2005 1185 2058 Thucydides:
1206 2004 1222 2044 ὅ
1244 2003 1312 2054 μὲν
1329 2003 1398 2044 τὴν
1413 2002 1590 2049 ἐπιβολὴν

317 2059 566 2113 ἔκφροντίζων.
577 2060 704 2101 Schol.
725 2060 858 2112 ἑκφρον.
877 2059 948 2112 ἕξῳ
962 2058 1152 2112 φροντίὲος
1170 2058 1364 2108 τιθέμενος.
1377 2056 1479 2110 Quo
1492 2055 1587 2096 nihil

319 2115 561 2154 contrarium
580 2115 698 2167 magis
715 2114 884 2155 auctoris
901 2114 1042 2162 menti,
1063 2126 1107 2152 ac
1124 2110 1355 2165 significatui
1370 2110 1487 2165 ipsius
1500 2123 1591 2150 ver·
1663 2148 1665 2150 .

317 2167 372 2207 bi.
387 2167 551 2207 Dixerat
569 2178 720 2215 orator,
740 2168 836 2208 duas
853 2180 933 2215 res,
955 2165 1060 2219 spem
1074 2178 1216 2219 nempe
1234 2166 1276 2205 δι
1294 2177 1467 2205 amorem
1481 2177 1591 2217 prae·
1648 2166 1652 2189 Γ

321 2221 458 2274 cipuas
468 2231 599 2262 tenere
614 2233 739 2275 partes
753 2221 792 2260 in
812 2222 960 2274 magnis
971 2219 1208 2261 facinoribus
1219 2218 1419 2266 audendis,
1438 2220 1591 2272 huncque
1648 2232 1651 2233 ’

320 2277 436 2315 ducem
446 2275 643 2329 praeberese
652 2306 667 2324 ‚
689 2274 785 2315 illam
798 2290 876 2314 vero
891 2273 1060 2314 comitem:
1081 2285 1163 2312 non
1176 2272 1305 2324 potuit
1323 2284 1419 2326 ergo
1432 2270 1594 2312 subiice-
1648 2273 1651 2275 ’

318 2342 364 2371 re
376 2329 434 2379 id,
453 2329 561 2383 quod
574 2327 809 2369 Scholiassae
822 2327 911 2369 vult
925 2326 1137 2380 expositio,
1156 2326 1357 2374 nimirum,
1374 2341 1517 2366 amorem
1531 2341 1590 2365 ex·
1654 2349 1658 2359 2

323 2395 378 2423 tra
389 2398 515 2423 omnem
527 2398 643 2423 curam
650 2383 794 2435 positum
804 2412 819 2428 ,
837 2379 903 2422 vel
915 2382 1074 2421 rationem
1091 2383 1250 2434 gerendae
1267 2380 1312 2419 rei
1325 2379 1494 2434 negligere.
1507 2378 1591 2419 De·
1605 2380 1610 2387 “

320 2437 424 2490 cepit
446 2436 674 2487 Scholiastes
696 2435 846 2476 Vallam
858 2466 871 2486 ‚
893 2446 936 2476 ut
952 2445 1123 2475 verteret
1143 2433 1257 2474 allata
1277 2433 1420 2483 verba,
1438 2433 1494 2473 hic
1507 2433 1590 2483 insi-
1658 2430 1676 2468 '⁴

319 2491 453 2538 fiat-um
474 2491 691 2535 vitandarum
710 2490 898 2533 immemor.-
928 2487 1099 2544 (nempe
1124 2487 1272 2544 legerat
1294 2488 1334 2529 ἰη
1352 2487 1423 2530 suo
1443 2486 1589 2530 Codice
