1690 3120
319 233 413 282 170
511 216 1398 268 ANNOTATIONES

311 317 399 349 tum
413 307 522 349 fuisse
537 307 747 349 stadiorum
761 308 827 356 60,
842 323 890 350 ex
902 310 979 349 hoc
989 309 1233 362 Thucydidis
1246 312 1395 352 sumere
1405 300 1589 351 loco‘rior'x

311 362 460 417 potest,
484 375 574 403 cum
591 363 750 402 minime
772 363 820 403 de
837 363 914 403 hoc
934 364 1096 404 circuitu
1111 364 1176 404 seu
1194 364 1342 405 ambitu
1357 364 1451 405 haec
1470 364 1591 418 paulo

311 416 629 518 ρὲίὶλάἐοειὸηὲἑὲ
642 417 877 470 Thucydide
888 448 901 467 ‚
915 416 1099 470 ἑξήκοντα
1105 418 1174 469 μὲν
1188 418 1356 460 nasim
1370 417 1387 458 ὁ
1399 415 1510 460 ἱέντας
1520 433 1592 459 πε-

312 485 345 525 Pl
374 488 390 509 0
417 487 433 509 0
457 500 467 510 ι
632 502 640 511 ·

368 527 442 565 ead.
455 525 479 564 l.
494 539 533 575 4.
554 524 632 564 Τῶν
641 524 792 578 μακρῶν
803 523 968 579 τειχῶν)
990 524 1089 566 Cass'.
1105 536 1302 581 praeterea
1316 525 1435 567 habet
1449 527 1496 566 τὶ
1510 526 1594 581 γᾶς

312 580 431 631 μέσον
444 576 507 618 οὖν,
521 578 659 618 {ssi-to.
1198 611 1200 613 >

368 635 444 672 ead.
460 633 484 671 l.
507 647 540 687 5.
555 631 625 673 Τοῦ
638 631 855 688 Πειραιέως)
871 631 941 672 Τοῦ
950 635 1146 687 Πειραιέως
1163 635 1210 673 τὸ
1224 630 1320 674 νεῦον
1334 633 1386 674 εἰς
1402 631 1469 675 'niv
1481 630 1592 674 uma·

312 700 381 740 pov.
406 685 507 726 Cass.

311 742 444 836 Thead.
462 740 552 834 έςάὂ.
582 739 654 782 Τὴν
675 739 755 780 ἀπὸ
777 740 900 794 ξύλων
922 741 1189 796 κατασκευὴν)
1208 741 1310 783 Vide
1332 749 1517 782 annotata
1541 741 1591 781 ad

312 835 316 839 ,
381 807 429 835 uc
490 809 499 834 1
526 807 599 834 em.

367 809 479 888 eadirl.
497 862 512 887 1
521 864 555 887 2.
565 847 805 905 Πρυτανεῖον)
818 848 920 889 Vide
932 848 1090 890 Meursii
1098 848 1242 889 Athen.
1256 848 1339 890 Att.
1352 863 1390 897 1,
1402 847 1439 890 8.
1451 849 1593 891 Huns.

367 905 444 942 ead.
459 904 483 942 l.
501 916 563 942 20.
578 903 655 949 Ἀφ’
668 899 968 954 ούἘῦμηλπίέοω
983 903 1086 955 φυλὴ
1104 903 1138 943 ἐν
1149 902 1198 954 τῇ
1209 902 1387 957 Ἀττικῇ)
1409 903 1486 943 Alii
1500 902 1593 944 scri-

313 965 449 1052 {tores
462 957 603 997 Graeci
626 957 672 996 de
695 957 809 996 rebus
824 956 966 998 Atticis
984 969 1141 1010 agentes
1164 960 1295 1009 φυλὰς
1307 966 1475 1004 vocant,
1494 970 1593 1011 quas

350 1011 445 1051 atini
462 1011 589 1058 tribus,
608 1023 772 1064 quarum
793 1011 957 1051 Athenis
975 1013 1141 1065 primum
1164 1023 1350 1063 quatuor,
1368 1010 1503 1052 deinde
1525 1012 1592 1052 de-

314 1077 403 1106 cem
414 1095 433 1112 ,.
448 1076 488 1104 at
501 1065 685 1104 extremis
698 1065 941 1118 temporibus
950 1066 1153 1106 duodecim
1169 1064 1337 1106 fuerunt.
1363 1065 1506 1105 Earum
1520 1078 1596 1106 no-

313 1119 420 1159 mina
432 1118 629 1159 recensent
642 1118 783 1158 Pollux
797 1118 915 1166 VIII,
933 1132 1008 1173 109
1023 1118 1077 1173 sq.
1090 1119 1246 1173 aliique.
1265 1119 1338 1160 Sed
1352 1118 1459 1159 nulla
1471 1118 1525 1160 est
1539 1120 1596 1159 in-

315 1182 376 1213 ter
391 1186 477 1222 eas,
489 1186 590 1226 quae
605 1172 654 1212 ab
673 1173 871 1226 Eumolpo
882 1185 1028 1214 nomen
1044 1174 1230 1214 habuerit.
1247 1174 1370 1214 Φυλὴν
1381 1186 1478 1227 ergo
1489 1174 1594 1220 dicit,

317 1227 427 1282 quod
442 1227 574 1268 Suidas
584 1226 626 1266 &
640 1226 905 1280 Etymologici
923 1228 978 1267 M.
990 1229 1129 1269 3υᾶοτ
1151 1228 1190 1267 ἰη
1204 1224 1460 1278 Εὖμολπίὲαιι,
1470 1227 1596 1282 γένος.

371 1285 446 1321 ead.
466 1282 491 1320 l.
517 1296 580 1330 24.
592 1280 949 1335 ’Aorpoo-smpiowc)
962 1282 1182 1322 Retinendo
1195 1283 1293 1322 hanc
1307 1280 1512 1321 leffionem
1525 1310 1537 1329 ‚
1557 1281 1596 1322 id

254 1360 260 1365 -
313 1335 426 1389 quod
440 1334 680 1375 aScholiaste
692 1336 843 1382 dicitur,
856 1335 1086 1387 expositioni
1098 1336 1181 1375 eius
1192 1345 1393 1388 repugnat.
1408 1335 1597 1387 Quomo-

315 1391 369 1430 do
382 1389 482 1430 enim
497 1388 545 1437 τῇ
559 1389 634 1439 3,*εῷ
645 1388 832 1443 fignificat
841 1388 890 1439 τζιὸ
900 1387 1047 1439 Ἀθηνᾷ,
1060 1389 1089 1429 fi
1102 1388 1360 1430 Athenienses
1371 1389 1597 1430 Minervam

317 1444 363 1484 δι
385 1442 611 1497 Apollinem
638 1443 721 1483 δέον
749 1442 1071 1496 &orpocsaopiowe
1098 1442 1255 1483 minime
1284 1443 1498 1497 appellant?
1521 1443 1596 1484 Sed

315 1510 405 1538 cum
422 1497 485 1537 ille
505 1507 643 1537 contra
655 1497 752 1538 haec
771 1496 996 1550 subiungat‚
1013 1498 1208 1537 rationem
1227 1496 1318 1537 suae
1343 1496 1611 1550 expositionis

315 1552 477 1592 reddens
487 1580 499 1600 ‚
516 1564 597 1591 non
616 1551 776 1591 dubium
788 1550 865 1600 est,
881 1552 980 1605 quin
995 1551 1031 1590 id
1041 1582 1054 1600 ‚
1066 1550 1175 1605 quod
1189 1551 1316 1591 aiebat
1326 1580 1340 1598 ,
1353 1563 1529 1604 negetur,
1542 1552 1597 1592 ita

314 1605 502 1659 legendo,
523 1605 843 1658 ἄπροσὲιορίστως
862 1607 944 1659 γᾶς
965 1603 1007 1644 οὔ
1027 1619 1147 1656 φασιν
1158 1605 1190 1644 οἱ
1206 1603 1321 1645 Ἀθην.
1338 1604 1447 1646 Dico
1468 1606 1598 1659 igitur,

315 1670 521 1714 negantem
535 1659 636 1700 illam
651 1659 879 1713 particulam
891 1659 979 1700 hinc
991 1659 1200 1699 tollendam
1210 1690 1224 1708 ,
1243 1659 1284 1698 &
1297 1671 1372 1711 pro
1387 1671 1433 1699 ea
1449 1672 1598 1714 prono-

317 1724 409 1754 nem
428 1711 545 1754 αὐτὴν
566 1713 865 1754 substituendum
880 1713 966 1753 effe.
987 1712 1114 1765 Quod
1136 1724 1266 1753 autem
1283 1712 1330 1752 de
1342 1713 1521 1754 Minerva
1542 1714 1598 1753 di-

316 1769 374 1808 cit
385 1798 397 1818 ‚
412 1766 646 1809 confirmant
660 1781 750 1808 cum
765 1768 828 1807 alii
838 1766 1085 1819 Thucydidis
1100 1767 1177 1808 ioci
1188 1798 1202 1815 ,
1217 1777 1299 1807 tum
1314 1779 1413 1807 vero
1433 1766 1502 1820 (ne
1514 1768 1600 1807 lon-

317 1834 376 1884 ge
383 1822 605 1882 abeundum
618 1821 681 1876 fit)
692 1821 862 1875 quidam,
875 1834 991 1875 quem
1005 1821 1069 1861 lib.
1079 1820 1117 1861 11
1129 1834 1215 1875 pag.
1229 1834 1277 1875 25
1294 1821 1409 1861 habet
1419 1851 1431 1871 ,
1450 1822 1518 1864 καὶ
1531 1817 1601 1862 αὖ·

323 1890 393 1918 της
405 1875 471 1918 τῆς
484 1880 570 1916 &sev
584 1891 663 1916 τοις
676 1889 946 1930 ’περικειμενοις
963 1875 1150 1928 χρυσίοις.
1174 1876 1328 1915 STEPH-

374 1933 451 1970 ead.
468 1932 492 1971 l.
506 1944 571 1979 27·
582 1930 652 1970 Τῆς
667 1927 881 1984 Δήμητρος)
893 1930 986 1969 Νοη
998 1942 1100 1991 nego
1110 1958 1123 1975 ‚
1136 1928 1302 1969 confusa
1314 1941 1476 1969 nonnun
1505 1941 1597 1969 uam
1653 1951 1659 1957 ·
1688 1934 1690 1937 ’

318 1982 429 2025 fuifl'e
439 1984 487 2024 ab
500 1983 742 2037 Antiquar-iis
761 1983 804 2023 &
822 1983 1069 2036 Mythologis
1089 1983 1247 2023 numina
1259 1983 1409 2024 Terrae
1422 1984 1463 2023 δι
1538 1995 1600 2024 re-

319 2039 385 2078 ris.
408 2037 464 2078 At
475 2037 644 2078 distinaa
662 2039 706 2077 iis
716 2038 878 2077 omnino
894 2037 1036 2090 templa
1049 2037 1217 2076 dedicata
1229 2037 1396 2077 Athenis
1409 2035 1518 2077 fuere
1527 2067 1540 2086 ,
1554 2047 1601 2077 ut

319 2091 548 2132 testimoniis
557 2091 688 2132 Nostri
699 2121 710 2139 ,
723 2090 945 2138 Pausaniae,
959 2091 1154 2130 Plutarchi
1169 2091 1416 2143 aliorumque
1427 2090 1516 2131 satis
1527 2090 1603 2131 cla-

319 2159 427 2186 rum.
454 2146 618 2186 Terram
641 2157 744 2186 certe
765 2143 1019 2184 Athenienses
1033 2145 1074 2184 &
1088 2145 1224 2198 populi
1248 2144 1405 2184 Atticae
1419 2145 1602 2199 μεγάλην

319 2202 411 2239 Θεδν
436 2212 459 2238 a
491 2199 704 2253 pellabant‚
727 2199 768 2239 δι
790 2199 986 2251 antiquior
1000 2198 1152 2238 videtur
1172 2198 1354 2252 priusque
1373 2198 1456 2238 eius
1475 2198 1604 2239 cultus

319 2252 439 2294 florui
472 2266 518 2300 e,
538 2266 656 2306 quam
668 2251 732 2294 τῆς
745 2249 938 2304 Δήμητρος
953 2252 992 2291 in
1006 2251 1081 2291 istis
1098 2251 1206 2291 locis.
1229 2252 1423 2293 GRAMM.

375 2307 455 2346 ibid.
479 2306 626 2358 Λίμνου,
639 2306 756 2347 τόπος
766 2306 863 2359 &c.)
879 2306 992 2346 Errat
1003 2305 1232 2345 Scholiastes
1243 2335 1255 2351 ,
1274 2306 1342 2359 qui
1357 2303 1471 2345 fuifl'e
1484 2305 1523 2345 in
1540 2317 1602 2345 ar-

320 2371 369 2401 ce
381 2360 482 2400 dicit.
505 2373 594 2400 nam
607 2371 716 2400 extra
730 2373 818 2399 eam
834 2360 1000 2400 omnino
1018 2357 1151 2404 fuisse,
1170 2371 1311 2399 verum
1332 2371 1455 2413 prope
1466 2390 1477 2407 ‚
1497 2358 1601 2400 clare

322 2414 466 2455 indicat
475 2414 738 2466 Thucydides.
751 2414 852 2453 Vide
865 2411 1021 2453 Meursii
1032 2412 1174 2452 Athen.
1185 2412 1270 2452 Att.
1281 2412 1304 2452 1.
1319 2427 1356 2466 3,
1367 2425 1400 2452 c.
1412 2427 1449 2462 4.
1461 2413 1599 2453 Huns.

378 2471 453 2508 ead.
465 2469 489 2508 l.
503 2483 546 2523 31
556 2499 564 2507 .
580 2470 693 2508 Κατὰ.
707 2467 812 2518 νόμον
822 2466 990 2519 ποιοῦσι)
1003 2467 1094 2506 Huc
1104 2464 1268 2508 fortaffis
1281 2465 1444 2523 respexit
1451 2466 1604 2522 §uidag

322 2523 528 2578 ζομίζουσιν
543 2534 746 2578 exponens
761 2524 973 2577 νομίσματι
989 2520 1179 2577 χρῶντοιι.
