1690 3120
323 80 342 97 «Ιι

299 200 393 250 180
491 198 1373 259 ANNOTATIONES

347 292 422 330 ead.
434 291 460 330 I.
475 291 535 344 36.
548 293 662 331 Κατὺ.
674 289 790 332 κοινοῦ
800 293 845 330 vrb
855 290 1148 345 πολιτευόμεθα)
1160 291 1314 334 Desunt
1324 292 1426 335 Cass'.
1437 292 1482 336 In
1493 294 1573 339 Ms-

291 343 375 384 Bas.
390 344 558 384 additur:
580 344 743 385 ἐνταῦθα
759 345 826 384 τὴν
845 344 1048 399 ἓιαγωγὶιν
1060 345 1186 386 δηλοῖ.

345 398 426 438 ibid.
441 401 621 451 Λυπηρὰς
635 397 681 438 sk
699 397 747 450 τῇ
764 397 854 450 ἵψει
873 398 1117 453 ἀχθηὲὂνας)
1137 400 1277 453 Neque
1294 400 1355 442 hic
1368 401 1514 456 aliquid
1526 402 1568 444 in

292 450 516 499 Scholiasta,
531 453 680 506 erudite
694 453 1088 493 Lacedaemoniorum
1101 454 1214 494 nobis
1225 453 1494 496 minoritatem
1505 457 1570 498 de-

290 507 494 559 pfflgeme,
514 506 621 546 lubet
636 506 949 547 animadvertere.
964 506 1102 547 Saltem
1126 508 1172 547 de
1184 508 1247 548 Fr.
1265 507 1371 549 Porti
1390 511 1569 551 emenda-

291 560 424 609 tione,
445 573 546 613 quae
574 560 612 599 in
637 561 810 614 margine
834 570 964 600 textus
985 560 1239 614 conspicitur,
1261 562 1498 617 ulteriusque
1524 565 1577 605 in-

291 613 590 655 Commentario
611 615 841 660 declaratur,
862 613 939 655 hoc
958 615 1205 655 monebimus
1217 646 1229 664 ‚
1248 629 1382 669 parum
1396 630 1481 657 eam
1494 630 1568 659 no-

292 668 351 707 bis
366 669 537 722 probari.
552 668 597 707 In
608 667 763 709 Periclis
774 667 904 709 verbis
915 667 970 707 est
979 699 992 717 ‚
1011 665 1098 708 aas}
1113 669 1288 720 ἀζημίους
1296 670 1382 722 μὲν,
1393 674 1578 724 λυπηρὰς-

291 720 338 761 sk
353 721 401 772 τῖῐ
415 721 504 774 ’ό-ψει
528 721 752 777 ἀχθηι-Γόνας
769 720 1059 775 προσ-τιθέμενοι,
1074 722 1166 763 Eius
1187 722 1280 763 loco
1299 724 1386 765 vult
1402 734 1568 779 uterque

289 775 433 816 Portus
454 777 730 829 προτιθέμενοι,
750 789 983 830 proponentes.
1010 775 1080 817 Ast
1104 776 1378 831 προστιθέμενοι
1397 780 1569 820 retinen-

290 831 382 870 dum
409 828 497 870 sane
516 830 798 880 existimamus,
819 830 861 870 δι
884 830 1115 871 vertendum
1134 830 1366 884 simpliciter,
1380 835 1539 874 addentes
1551 863 1568 882 ,

290 885 494 924 afficientes.
509 884 583 924 Sed
603 884 645 924 δι
659 884 786 924 maior
802 884 892 924 latet
904 884 1090 938 emphasis
1108 885 1149 924 in
1168 885 1244 925 hoc
1258 885 1404 935 verbo,
1426 887 1483 927 uti
1501 887 1568 930 hic

291 939 446 991 quidem
460 938 680 987 adhibetur3
700 938 870 992 implicat
883 938 983 978 enim
997 938 1108 979 simul
1127 939 1326 979 notionem
1343 940 1486 993 instituti
1497 951 1567 982 aut

290 993 377 1046 legis
386 1008 402 1040 ;
419 992 526 1046 quasi
546 992 708 1041 dixeris,
729 992 924 1032 adiicientes
938 992 992 1044 (ἕν’
1012 993 1216 1045 imponentes
1229 1009 1272 1033 ex
1287 994 1355 1048 lege
1367 997 1515 1048 quadam
1529 996 1567 1035 6·

293 1047 533 1100 consuetudine
547 1046 717 1100 civitatis)
733 1047 864 1087 dolores
877 1047 1028 1096 civibus5
1045 1062 1155 1101 poena
1171 1047 1301 1101 quidem
1321 1049 1381 1101 qui
1401 1062 1568 1098 careant,

277 1101 348 1155 fid
358 1114 469 1142 tamen
482 1102 617 1141 acerbos
630 1101 721 1154 visu.
742 1100 803 1142 Sic
821 1101 922 1141 enim
943 1101 1107 1141 verbum
1127 1101 1205 1142 hoc
1223 1101 1420 1154 politicum
1440 1103 1480 1142 δι
1497 1102 1568 1144 fo-

289 1155 437 1196 rensem
451 1168 738 1208 nonnunquam
754 1154 865 1195 usum
882 1154 996 1194 habet
1007 1184 1018 1202 ‚
1037 1155 1143 1206 quod
1160 1166 1308 1195 norunt
1324 1156 1374 1203 ii,
1396 1157 1464 1210 qui
1481 1156 1566 1198 De-

290 1209 530 1250 mosthenem
552 1208 594 1249 &
611 1220 788 1250 oratores
807 1219 957 1249 ceteros
972 1208 1191 1262 diligentius
1213 1209 1460 1250 evolverunt.
1478 1211 1568 1251 No-

290 1263 366 1304 ster
381 1265 494 1304 huius
506 1262 622 1316 ipsius
641 1263 828 1304 orationis
848 1263 976 1302 initio:
995 1260 1188 1303 ἐπαινοῦσι
1201 1265 1262 1303 τὶν
1275 1265 1490 1317 προσθέντα
1509 1263 1567 1316 τῷ

291 1317 388 1368 νόμῳ
403 1318 478 1370 λόγ
485 1333 520 1357 ον
531 1316 656 1357 τόνδε.
676 1316 817 1357 Pollux
829 1347 844 1364 ,
862 1330 913 1356 eo
932 1329 976 1357 ca
982 1317 1072 1370 pite,
1093 1330 1177 1370 quo
1190 1316 1408 1357 ὃικαο-τικὲι
1418 1329 1568 1371 pertra-

286 1371 391 1412 &att
412 1375 479 1412 Τὸν
499 1370 544 1412 δὲ
567 1368 607 1412 οὗ
629 1371 844 1422 βουλὸμενον
852 1370 1047 1424 μαρτυρεῖν
1068 1368 1278 1417 ἑκλῆτευον,
1297 1371 1473 1425 ἀνάγκην
1495 1371 1567 1415 τοῦ

288 1424 527 1480 μαρτυρῆσαι
543 1424 811 1477 προστιθέντες.
833 1425 857 1464 1.
870 1423 893 1464 8
907 1455 921 1471 ‚
937 1437 971 1464 c.
995 1426 1032 1465 6.
1052 1424 1174 1465 Porro
1186 1455 1199 1474 ,
1217 1423 1270 1464 nil
1291 1424 1380 1466 dicit
1401 1425 1540 1467 Portus
1551 1457 1566 1477 ‚

290 1493 382 1520 cum
396 1479 693 1532 προστιθέμενοι,
713 1489 780 1519 aut
796 1490 839 1519 ut
858 1477 934 1531 ipse
945 1477 1147 1532 legendum
1163 1488 1274 1532 putat
1285 1509 1300 1527 ,
1319 1478 1567 1531 προτιθέμενοι

291 1533 594 1574 construendum
615 1533 723 1573 iubet
738 1545 828 1573 cum
846 1532 894 1583 τῇ
907 1531 997 1582 ’ὄψει
1007 1563 1019 1580 ,
1033 1545 1255 1585 proponentes
1269 1533 1381 1574 oculis
1392 1533 1539 1574 aliorum
1549 1562 1566 1583 ,

289 1604 348 1628 eos
352 1589 430 1642 scil.
449 1603 532 1642 quos
545 1588 748 1627 contumelia
757 1587 890 1642 publice
907 1586 1085 1642 afficimus.
1102 1586 1269 1627 Pertinet
1288 1587 1391 1627 enim
1410 1586 1461 1639 τῇ
1475 1587 1566 1639 ὄψει

290 1643 340 1682 ad
354 1643 542 1694 λυπηρὰς,
556 1652 600 1682 ut
619 1640 688 1691 fit,
708 1643 838 1682 dolores
858 1641 987 1695 aspeHu
1000 1641 1072 1693 ipfh
1085 1643 1221 1681 acerbos
1240 1655 1283 1681 ac
1297 1640 1377 1693 visu
1397 1641 1566 1684 horridos.

289 1696 385 1737 Non
397 1706 512 1736 vacat
524 1696 569 1736 ad
583 1708 746 1737 examen
757 1696 821 1736 hic
834 1707 1027 1736 revocare
1041 1695 1266 1749 interpretes
1279 1694 1450 1743 Latinos,
1465 1708 1568 1749 quo-

289 1765 378 1791 rum
393 1749 654 1803 unusquisque
672 1750 814 1804 aliquid
826 1749 1017 1803 singulare
1032 1748 1158 1789 attulit
1173 1749 1209 1788 h.
1226 1749 1251 1788 l.
1266 1761 1384 1790 nemo
1404 1760 1534 1790 autem
1547 1778 1562 1799 ‚

290 1805 399 1857 quod
413 1804 546 1846 exacte
560 1804 601 1844 δι
625 1804 778 1857 penitus
800 1802 1012 1844 satisfaciat.
1033 1802 1150 1856 Quin
1164 1803 1312 1856 alioqui
1330 1803 1484 1857 longius
1502 1816 1564 1844 re-

290 1858 481 1899 cesserunt
495 1859 544 1898 ab
557 1859 729 1898 aufloris
741 1869 880 1898 mente.
890 1856 960 1896 llla
975 1867 1102 1897 autem
1116 1870 1199 1897 non
1210 1857 1282 1896 alia
1292 1856 1354 1897 hic
1364 1887 1376 1906 ‚
1390 1869 1506 1911 quam
1521 1857 1565 1898 in

291 1925 402 1966 parte
411 1926 570 1961 eorum,
590 1925 691 1966 quae
709 1911 1008 1960 antecefferunt‚
1027 1911 1068 1951 δι
1082 1924 1183 1964 quae
1199 1909 1423 1964 sequuntur,
1439 1924 1508 1964 per
1521 1924 1564 1951 a·
1593 1918 1595 1921 ’

291 1967 419 2021 liquot
434 1966 573 2007 multas
594 1966 779 2019 periodos
790 1996 804 2013 ,
822 1966 1003 2006 nimirum
1026 1976 1070 2005 ut
1084 1964 1258 2006 conferat
1270 1963 1564 2006 Atheniensium

291 2035 421 2062 mores
432 2034 519 2061 cum
532 2020 710 2060 institutis
721 2020 882 2075 reipubl.
895 2019 1118 2073 Spartanae,
1131 2032 1233 2073 quae
1247 2018 1288 2059 ἃ
1300 2017 1421 2059 allatis
1433 2019 1565 2060 verbis

289 2075 481 2128 indigitat,
495 2074 688 2127 speciatim
710 2071 962 2125 αἰνιττόμενος
978 2074 1054 2113 τὰς
1071 2073 1407 2126 διαμαστιγώσεις
1421 2074 1485 2113 καὶ
1501 2088 1564 2112 κο-

289 2130 427 2170 λάσεις
453 2128 534 2168 illas
549 2158 562 2174 ‚
581 2141 680 2181 quas
699 2127 923 2182 Xenophon
945 2126 1086 2180 aliique
1105 2126 1216 2167 nobis
1239 2137 1467 2166 memorant.
1489 2127 1565 2168 His

290 2196 432 2236 nempe
445 2182 589 2222 duriter
603 2181 645 2221 &
657 2181 807 2229 acerbe,
821 2179 966 2221 etiamfi
978 2191 1087 2235 extra
1100 2181 1233 2232 ζημίαν
1244 2178 1307 2220 seu
1320 2192 1500 2233 poenam,
1516 2191 1563 2221 ut

289 2237 455 2276 Pericles
474 2236 564 2275 dicit
581 2247 762 2288 quoque,
780 2234 1073 2275 Lacedaemonii
1089 2235 1195 2274 cives
1212 2232 1300 2274 suos
1320 2233 1532 2274 tractabant
1544 2249 1562 2284 3

290 2304 383 2331 cum
395 2301 531 2331 contra
549 2288 799 2329 Athenienses
814 2287 1020 2341 repudiatis
1040 2287 1226 2327 eiusmodi
1240 2286 1412 2327 moribus
1431 2287 1474 2327 &
1496 2300 1561 2328 re·

290 2345 402 2394 gendi
415 2343 563 2383 artibus
575 2341 801 2397 ἀνεπαχθῶς
813 2342 921 2382 cives
936 2340 1027 2382 suos
1037 2341 1174 2395 degere
1185 2351 1421 2395 paterentur,
1437 2353 1482 2382 ac
1493 2342 1563 2382 de-

287 2387 382 2439 liciis
399 2397 582 2438 ludorum
595 2397 928 2449 certaminumque
947 2398 1108 2446 λυπηρδν
1120 2407 1237 2435 omne
1257 2392 1486 2437 ἐκπλήσσειν
1505 2408 1563 2436 at-

289 2465 367 2506 que
384 2450 598 2504 abstergere
610 2481 622 2497 ,
638 2449 963 2504 quemadmodum
975 2450 1013 2488 in
1027 2448 1276 2502 sequentibus
1289 2459 1424 2489 orator
1436 2449 1562 2502 expli-

289 2517 370 2547 cat..
384 2505 578 2548 GRAMM.
592 2504 727 2558 Quam
746 2505 807 2545 hic
825 2503 1054 2545 Scholiastes
1075 2502 1279 2545 ἐπιείκειαν
1293 2503 1561 2549 ιεεεάαεωοε,

1672 2263 1683 2270 1„
1667 2231 1681 2251 Γ
1664 2138 1681 2214 ξῦν
1672 2109 1681 2119 ι
1677 2091 1681 2096 .
1667 2039 1681 2069 πυ

1683 3062 1690 3117 .—a-2
1684 2979 1690 3044 -ἣ-
