1690 3120
288 202 375 250 162
475 196 1357 250 ANNOTATIONES

282 302 360 341 χον
370 287 459 340 πρὶς
469 283 672 328 ἀλλήλους.
685 286 784 328 Cass'.
793 288 918 335 Haec,
926 298 970 328 ut
982 298 1096 342 puto,
1103 287 1289 342 adscripta
1295 298 1406 330 erant
1415 287 1461 330 acl
1469 287 1556 331 zm:

279 345 480 395 μίγνυντο.
496 340 660 381 Seorfim
679 342 719 381 δι
736 341 812 381 alio
824 343 917 382 loco
928 337 1137 396 ἐρχόμενοι,
1149 343 1195 382 ad
1206 343 1300 394 παρ’
1312 342 1517 389 ἀλλήλους.

334 397 410 434 ead.
426 396 450 434 I.
468 410 527 435 10.
540 397 596 434 Τὲι
611 397 690 449 '73⁶3’
706 392 815 435 ἄλλοι
834 395 905 436 διὰ
917 397 1055 447 μέσον)
1079 397 1172 436 Non
1186 397 1471 450 intelligendum
1486 396 1557 446 est,

281 462 328 490 ea
342 449 474 489 omnia
485 480 497 499 ,
516 462 617 502 quae
631 448 717 489 sunt
730 447 817 503 post
829 449 926 489 haec
940 459 1112 503 quatuor
1123 450 1260 497 verba,
1278 452 1456 503 ἄρχεται
1474 451 1519 491 ἑὲ
1534 450 1553 490 ὃ

280 503 467 554 πόλεμος,
489 516 556 556 per
571 502 812 556 parenthesin
824 503 946 554 posita
961 502 1054 544 effe:
1073 506 1252 557 quamvis
1267 506 1386 552 dicat,
1407 507 1461 546 τὰ
1473 506 1556 558 γὰρ

282 555 394 597 ἄλλοι
407 556 474 596 st&
486 559 617 607 μέσου·
634 556 696 597 sed
709 570 801 596 cum
813 555 965 598 illorum
977 568 1148 611 quatuor
1160 558 1374 599 verborum
1389 559 1556 599 mentio-

280 624 331 651 ne
343 611 617 665 comprehendi
629 609 924 651 existimandum
936 609 990 652 est
999 611 1064 650 καὶ
1077 614 1131 651 τὰ
1142 610 1236 661 ἑξῆς,
1250 623 1294 652 ut
1306 611 1418 666 saepe
1428 605 1557 667 loqui-

281 676 368 706 tur:
385 678 429 704 ac
444 664 598 706 fortasse
613 665 680 705 has
694 677 819 705 voces
832 665 1033 706 adiecerat.
1048 664 1139 706 Sive
1151 665 1317 707 adieaae
1334 678 1462 706 autem
1475 697 1487 716 ,
1506 665 1558 706 fi-

281 733 334 760 ve
348 718 499 761 reliRae
512 718 652 759 fuerint
664 718 964 767 subaudiendae,
976 719 1284 774 complectentur
1297 721 1390 760 haec
1403 721 1559 768 omnia‚·

280 787 384 827 quae
403 774 582 828 proxime
603 769 832 827 sequuntur,
855 775 898 815 &
914 774 1078 827 primam
1102 774 1303 828 periodum
1324 773 1557 823 absolvunt,

281 827 404 868 verba
411 857 426 875 ,
440 827 558 868 ἑνθένὸ
560 843 577 868 ε
595 826 667 869 Mn
682 826 870 868 Ἀθηναίων
883 827 951 866 καὶ
969 830 1282 876 Πελοποννησίων,
1295 829 1360 868 κα.)
1376 827 1449 869 τῶν
1466 827 1557 869 ὅκοι-

280 882 397 935 ·τέροις
417 881 655 935 ξυμμάχων,
675 892 721 921 ut
736 881 825 921 hinc
837 881 996 934 incipiat
1010 881 1255 935 parenthesis,
1269 881 1305 922 ἐν
1321 879 1350 932 ξῗ
1363 880 1452 922 οὔτε
1465 882 1557 922 ἑπε-

278 937 482 991 μίγνυντο,
503 935 545 975 &
557 949 642 975 eam
662 935 815 975 claudat
828 948 974 975 nomen
987 935 1180 987 χειμῶνα.
1201 935 1260 976 Ita
1271 947 1376 977 certe
1388 935 1493 976 illum
1507 936 1559 977 de

282 990 356 1031 hac
366 988 578 1043 parenthesi
594 988 741 1030 sensiffe
755 988 916 1029 constat.
928 987 1000 1043 Sed
1011 1002 1060 1030 ne
1071 989 1252 1031 assentior
1262 990 1417 1044 quidem
1428 991 1557 1030 omni-

282 1057 338 1085 no
353 1045 396 1084 iis
406 1075 419 1094 ‚
433 1056 533 1101 quae
547 1044 594 1084 de
609 1043 671 1084 illa
685 1043 793 1085 dicit:
813 1056 956 1085 verum
974 1043 1077 1083 illam
1087 1044 1214 1085 verbo
1232 1043 1436 1096 ἐπολέμουν
1449 1044 1559 1084 clau-

283 1098 321 1138 di
336 1097 419 1139 aio:
440 1098 492 1138 ita
505 1107 550 1138 ut
563 1098 671 1151 quod
682 1107 846 1138 annotat
860 1098 900 1137 in
915 1097 1030 1144 haec,
1047 1098 1218 1151 τέσσαρα,
1231 1098 1300 1149 μὲν
1309 1101 1392 1152 ’γᾶς
1404 1098 1469 1138 καὶ
1489 1098 1558 1138 8⁶¹·

283 1167 350 1201 κοο,
362 1152 626 1193 annotandum
636 1150 752 1192 fuerit
762 1151 800 1191 in
813 1150 879 1192 ista
888 1182 902 1198 ,
910 1152 1141 1206 γέγραπται
1155 1151 1202 1192 ὃὲ
1216 1150 1311 1204 ἑξῆς.
1323 1152 1371 1192 ab
1383 1153 1443 1193 his
1453 1153 1557 1193 enim

284 1207 454 1262 pendent
465 1235 476 1254 ‚
493 1205 535 1245 &
549 1219 637 1247 cum
650 1206 709 1245 his
719 1218 897 1246 connexa
909 1205 1202 1259 quodammodo
1215 1204 1302 1248 sunt
1312 1205 1374 1246 illa
1383 1236 1394 1254 ‚
1410 1206 1558 1246 τέο-σοι-

283 1275 331 1313 ροι
341 1259 412 1311 μὲν
427 1261 513 1313 ’γὰρ
525 1260 591 1300 καὶ
604 1259 705 1300 δέκα.
719 1258 784 1300 ’ἐτη
794 1260 889 1310 ἐνὲμ.
902 1260 977 1300 &c.
996 1260 1105 1300 Haec
1115 1270 1244 1300 autem
1258 1260 1471 1300 admonitio
1485 1273 1558 1299 ve-

282 1315 350 1355 lim
372 1326 530 1354 cautum
547 1324 586 1354 te
607 1314 646 1354 δι
668 1313 759 1353 alibi
777 1313 907 1354 reddat
916 1344 930 1361 ‚
953 1314 994 1352 in
1017 1326 1156 1353 eorum
1173 1303 1351 1355 videlicet
1374 1314 1558 1355 locorum

280 1368 482 1409 nonnullis
493 1398 505 1414 ,
525 1368 593 1407 ubi
607 1369 654 1408 de
667 1368 711 1407 iis
725 1367 803 1421 agit
813 1400 825 1419 ,
839 1380 941 1423 quae
955 1380 1024 1421 per
1044 1367 1289 1422 parenthesin
1302 1367 1425 1423 posita
1435 1367 1560 1408 existi.

282 1435 392 1464 mare
405 1422 602 1463 debemus.
628 1422 780 1462 STEPH.
1222 1443 1228 1450 ·

337 1479 413 1517 ead.
430 1477 455 1515 l.
478 1490 538 1516 12.
561 1475 600 1515 Ἦ
619 1476 754 1529 Χρυσὶς
771 1474 869 1529 διε.)
889 1474 993 1517 Vide
1009 1474 1153 1517 Valesii
1172 1485 1288 1516 notas
1305 1475 1345 1515 in
1365 1475 1559 1530 Excerpta

281 1529 439 1583 Polybii
450 1560 461 1579 ‚
476 1544 514 1584 p.
529 1543 605 1585 350
623 1529 681 1571 ed.
696 1529 857 1571 Amstel.
874 1529 915 1570 δι
929 1529 1145 1571 Meurfium
1167 1530 1214 1571 de
1225 1529 1415 1571 Archont.
1431 1530 1457 1570 l.
1471 1544 1508 1584 3,
1522 1543 1560 1572 c.

281 1585 322 1626 6.
347 1585 488 1625 Huns.

339 1639 420 1679 ibid.
431 1636 610 1692 Ἠρίθμουν
627 1637 674 1679 ἑὲ
689 1636 777 1678 τοὺς
787 1636 959 1692 χρόνους)
978 1635 1235 1678 observanda
1246 1668 1259 1687 ,
1277 1649 1396 1690 quam
1407 1637 1471 1678 dat
1485 1650 1560 1679 no-

283 1691 381 1733 mini
391 1693 482 1733 huic
493 1691 630 1758 χρὸνοι,
646 1691 873 1746 significatio
883 1723 895 1741 ‚
914 1704 1006 1732 cum
1022 1691 1108 1731 τοὺς
1119 1691 1275 1745 χρόνους
1289 1692 1379 1732 dicit
1393 1705 1468 1754 pro
1482 1705 1534 1733 eo
1542 1703 1560 1740 ,‘

282 1745 390 1801 quod
401 1745 457 1791 est
468 1761 556 1787 τους
569 1745 773 1796 ἐνιαυτοὺς,
790 1746 827 1786 id
839 1745 913 1794 est,
928 1760 1053 1787 annos.
1074 1744 1133 1786 Ita
1144 1756 1248 1787 certe
1263 1746 1306 1788 &
1317 1745 1406 1787 alibi
1423 1746 1558 1787 eadem

284 1814 389 1842 voce
402 1801 537 1842 utitur.
561 1800 712 1841 STEPH.

339 1858 413 1895 ead.
430 1856 454 1894 l.
472 1869 534 1907 27.
545 1855 646 1895 Ἀντὶ
663 1853 748 1902 τοῦ,
759 1853 824 1895 σὺν
837 1850 967 1894 αὐτοῖς
979 1851 1231 1908 ὁπλίζεσθαι)
1244 1851 1310 1894 De
1326 1853 1397 1894 hac
1406 1867 1452 1894 ex
1459 1851 1560 1908 posi-

283 1909 391 1950 tione
404 1909 456 1949 illi
468 1908 731 1965 ὁμογνωμονεῖν
738 1920 911 1963 nequeo.
926 1908 1051 1949 IDEM.
1064 1907 1142 1948 Pro
1159 1908 1266 1949 bisin
1280 1906 1379 1949 Cass.
1392 1907 1446 1949 est
1458 1919 1561 1952 πλη-

285 1963 360 2004 σίον
379 1959 515 2004 οιῦτὲὂν.

339 2019 414 2057 ead.
429 2018 452 2056 l.
472 2031 534 2071 32.
549 2014 596 2057 Οἱ
604 2014 777 2057 Ἀθηναῖοι
789 2014 981 2070 θηλονὸτι)
996 2015 1091 2056 Non
1102 2014 1223 2056 video
1232 2046 1244 2065 ‚
1257 2014 1350 2081 quid
1363 2014 1559 2057 induxerit

285 2069 522 2111 Scholiasten
531 2100 542 2118 ‚
557 2081 602 2111 ut
615 2069 840 2124 intelligeret
854 2069 1107 2110 Athenienses
1118 2070 1157 2109 in
1171 2070 1242 2118 his,
1256 2068 1364 2110 ουὲὲν
1378 2070 1560 2124 ἐνεωτέρι-

284 2125 358 2176 ζον,
369 2138 460 2165 cum
476 2125 515 2164 in
529 2123 682 2164 historia
693 2123 739 2164 de
749 2123 949 2164 Thebanis
963 2124 1004 2165 &
1015 2123 1304 2174 Plataeenfibus
1321 2123 1423 2175 (non
1437 2122 1561 2166 Athe·

284 2178 497 2219 niensibusi
528 2177 589 2225 fis,
609 2188 650 2217 at
661 2177 814 2232 quidem
826 2190 963 2217 eorum
976 2176 1109 2231 sociis)
1129 2186 1278 2217 tantum
1292 2177 1430 2230 agitur.
1446 2177 1560 2218 Cave

283 2232 398 2273 etiam
409 2191 594 2284 intelligas
600 2230 851 2279 Plataeenses‚
863 2229 939 2271 scil.
954 2231 1081 2285 primo
1092 2229 1191 2271 casu.
1211 2230 1329 2271 Erant
1339 2241 1443 2276 certe
1453 2231 1560 2271 The.

283 2286 375 2327 bani
393 2286 494 2334 viri,
518 2285 651 2325 urbem
666 2285 857 2326 Plataeam
873 2283 1023 2337 ingreffi
1035 2315 1049 2332 ,
1067 2285 1135 2338 qui
1149 2284 1261 2324 initio
1277 2283 1329 2324 εἰς
1345 2279 1482 2324 οὗέένοι
1498 2279 1568 2324 013⁴

284 2340 349 2381 ‹ka
365 2338 589 2392 ἐνεωτέριξον.
609 2339 705 2379 Non
719 2338 837 2379 secuti
851 2339 1004 2391 quidem
1019 2350 1192 2379 errorem
1206 2337 1312 2378 hunc
1329 2337 1559 2391 interpretes

284 2394 428 2435 Latini:
453 2404 492 2434 at
513 2404 641 2432 tamen
664 2391 868 2433 obscurius
893 2392 1024 2432 locum
1046 2390 1270 2432 transtulisse
1283 2390 1327 2432 L.
1340 2391 1494 2432 Vallam
1511 2391 1556 2434 δε

282 2449 475 2489 Baronem
487 2446 784 2487 Hoheneccium
799 2459 879 2486 non
893 2445 1154 2495 diffitendum3
1169 2457 1271 2499 quae
1285 2444 1397 2486 causa
1408 2444 1494 2493 fuit,
1509 2455 1558 2487 ut

281 2501 395 2544 Aem.
417 2501 556 2544 Portus
572 2499 770 2542 inseruerit
787 2499 1027 2544 vocabulum
1047 2501 1164 2555 hostes.
1185 2499 1380 2542 Accurate
1400 2499 1448 2541 ad
1467 2498 1558 2542 sen-
