1690 3120
336 218 430 283 2ss
538 218 1414 272 ANNOTATIONES

387 308 460 347 ead.
482 307 506 347 l.
527 321 588 347 21.
604 307 676 347 Καὶ
690 307 853 360 Κορίνθιοί
864 307 955 362 εἰσ-ι)
969 308 1133 361 Κορίνθιοί
1143 310 1226 350 εἰσ-ι.
1538 355 1543 358 ,

389 364 465 403 ead.
483 361 506 400 l.
522 376 584 410 24.
597 362 788 401 Ἐκαλεῖτο
801 361 847 401 δὲ
860 359 878 402 ἦ
896 364 1074 412 Σικελία,
1091 363 1162 415 ἔξω
1173 362 1306 416 πόλις)
1319 361 1512 404 Ἐκαλεῖτο
1525 360 1570 403 δὲ
1583 356 1606 406 ἦ

334 412 372 456 ἐν
388 413 435 465 τῇ
451 415 606 465 Σικελία
619 415 691 466 ἔξω
704 415 829 456 πόλις.
840 415 942 456 Puto
956 416 1107 470 insuper
1120 417 1323 470 legendum
1335 415 1354 458 ἧ
1371 416 1441 469 ἔξω
1453 416 1582 457 πόλις.

308 514 313 519 ⁸
389 472 464 508 ead.
478 469 502 508 l.
516 483 577 522 32.
593 467 762 523 Εὖβοίας)
775 469 895 509 Paulo
911 468 1016 522 post,
1037 471 1105 510 ubi
1120 472 1166 511 de
1179 472 1328 512 ratione
1340 471 1506 511 nominis
1519 475 1609 510 Zan-

335 522 414 563 cles
425 523 504 576 agit
518 523 790 575 Thucydides,
810 534 1038 563 annotatum
1054 536 1135 565 erat
1147 554 1158 573 ,
1177 525 1383 577 σημείωσαι
1397 524 1454 566 ὅτι
1466 526 1511 564 το
1525 523 1611 578 δρέ-

335 592 452 617 πανον
468 576 636 630 ζαγκλον
650 577 682 616 οἱ
698 577 851 618 Σικελοὶ
869 575 1041 617 καλοῦσι.

392 630 484 685 Pag.
502 643 587 683 525.
604 631 629 668 l.
650 645 681 682 5.
697 630 742 670 oi
754 630 989 685 Χαλκιδεῖς)
1004 631 1090 672 Post
1104 630 1199 672 haec
1211 631 1256 671 ad
1268 631 1388 672 verba
1401 629 1609 684 Thucydi·

335 683 394 724 dis
408 683 554 735 ἀσήμου
576 684 747 738 ἀργυρίου
767 683 945 738 scriptum
963 696 1065 734 erat,
1084 684 1233 736 σημεῖον
1244 685 1298 736 μὴ
1313 683 1487 738 ἔχοντος,
1499 685 1611 724 ἀλλὰ,

335 738 572 833 μΐιαζίέτινά.
587 738 730 779 Eadem
748 739 931 792 leguntur
948 740 996 779 ad
1007 739 1069 787 II,
1090 754 1148 794 13.
1163 739 1263 780 Vide
1276 740 1328 780 du
1343 739 1477 794 Cange
1495 736 1610 781 Glos-

352 805 404 832 ar.
473 804 571 832 raec.

394 848 468 889 ead.
485 848 507 885 l.
523 861 561 896 7.
573 844 709 886 Ψευδῆ
716 846 800 897 μὲν,
811 844 922 887 ἱκανὰ
934 845 1001 902 δὲ)
1022 852 1076 887 Ψ.
1091 862 1136 900 μ.
1150 846 1295 887 πιθανὰ
1317 845 1376 888 δέ.
1394 846 1436 888 δι
1449 845 1494 887 ad
1510 845 1611 889 ὅπα-ἶ

335 902 459 955 γωγα
473 900 551 940 alio
569 899 660 952 loco
675 900 947 948 ἑφελκυστικα.

388 955 463 993 ead.
481 955 505 992 l.
526 967 539 992 1
551 968 566 992 1
577 982 585 991 .
602 952 645 992 'H
656 953 770 1003 μάλα
784 969 841 994 τοι
861 954 1075 1010 μεγάλων)
1088 945 1137 994 ’Ἦ
1152 953 1202 1009 ῥα
1214 952 1252 995 νύ
1265 968 1323 995 ’τοι
1334 953 1521 1010 μεγάλων
1533 952 1610 996 Ms-

334 1017 381 1048 ut
395 1009 434 1047 in
448 1008 628 1048 Homero
644 1007 749 1047 Iliad.
763 1007 814 1055 κ’,
826 1022 867 1048 v.
883 1022 956 1058 40¹
967 1038 976 1047 .

392 1064 464 1101 ead.
478 1063 502 1101 l.
517 1061 578 1101 28.
590 1060 707 1114 Ὴμὲῖς
722 1060 927 1117 δηλονότι)
943 1061 1062 1103 Deest
1076 1075 1153 1103 una
1169 1074 1259 1103 cum
1276 1061 1428 1103 duobus
1446 1061 1611 1117 sequenq

339 1115 441 1156 tibus
453 1114 615 1156 scholiis.

392 1171 468 1210 ead.
481 1171 505 1209 l.
523 1169 583 1224 38.
598 1166 715 1210 Αὖτὶιν
731 1168 982 1218 διαβάλλειν)
998 1168 1149 1211 ‘Edu-1³02*
1164 1168 1408 1210 διαβάλλειν.

394 1225 484 1276 Pag.
505 1237 591 1276 527.
607 1224 632 1262 l.
656 1224 716 1264 16.
733 1225 910 1265 Δηλονότι
924 1224 996 1264 τῶν
1007 1223 1218 1277 πολεμίων)
1233 1223 1364 1264 Verba
1374 1223 1511 1264 Niciae
1521 1222 1609 1265 sunt

339 1276 380 1317 in
395 1278 591 1319 concione
609 1277 655 1317 ad
670 1276 944 1318 Athenienses:
963 1277 1041 1332 χρὴ
1055 1277 1102 1317 δὲ
1119 1277 1172 1329 μὴ
1187 1279 1279 1331 πρὶς
1293 1280 1366 1318 τὰς
1382 1277 1520 1331 τύχας
1536 1278 1611 1319 τῶν

338 1331 509 1372 ἐναντίων
530 1331 777 1383 ἐπαίρεσθαι,
797 1332 904 1371 ἀλλὰ
924 1333 996 1371 τὰς
1021 1331 1189 1373 διανοίας
1210 1330 1493 1384 κρατήσαντας,
1508 1334 1611 1386 &afi-

339 1386 423 1439 ῥεῖν.
442 1385 502 1424 Ibi
521 1384 765 1425 Scholiastes:
785 1385 892 1425 ἀλλὰ
908 1387 981 1426 τὰς
999 1384 1184 1434 διανοίας,
1200 1384 1373 1426 δηλονότι
1398 1385 1473 1426 τῶν
1494 1397 1612 1426 πολε·

339 1440 445 1491 μίων.
462 1439 554 1479 Non
566 1438 691 1492 potest
702 1440 835 1500 negari·
842 1439 994 1492 quidem
1005 1470 1017 1488 ‚
1034 1439 1130 1492 quin
1148 1439 1371 1479 sententiam
1383 1439 1515 1493 aliquo
1524 1453 1612 1481 mo-

342 1493 395 1533 do
412 1492 629 1540 ferendam,
648 1492 773 1533 multo
786 1506 914 1533 minus
925 1492 1127 1534 absurdam
1139 1524 1151 1542 ‚
1169 1493 1292 1547 pariat
1311 1493 1502 1547 expositio
1518 1492 1610 1534 fun·
1674 1491 1690 1541 :³-

342 1547 525 1588 damento
537 1546 610 1586 isto
629 1547 731 1587 nixa.
748 1546 853 1587 Talis
868 1547 923 1587 est
939 1547 1074 1588 Aeacii
1094 1546 1334 1588 Enenckelii:
1351 1562 1465 1588 verum
1483 1563 1552 1588 non
1572 1548 1610 1588 in

343 1600 490 1654 adversa
504 1602 644 1655 hostium
656 1600 804 1653 fhrtuna
822 1601 935 1642 tollere
955 1602 1087 1640 animos
1100 1612 1248 1654 oportet:
1258 1600 1367 1653 fidfi
1383 1601 1529 1653 confiliis
1542 1601 1611 1664 fif-
1674 1597 1688 1624 ξ’

337 1670 492 1717 peremtas
505 1654 619 1707 ipfhs,
635 1655 682 1694 ibi
692 1654 837 1709 spiritus
847 1670 954 1710 gerere
971 1657 1070 1695 decet.
1093 1654 1131 1695 Is
1151 1666 1255 1695 certe
1271 1653 1504 1696 scholiastae
1523 1668 1612 1710 opl-

342 1722 503 1759 monem
518 1709 692 1756 secutus,
710 1708 818 1749 istam
838 1709 963 1750 textui
984 1708 1164 1763 impreffit
1184 1708 1404 1762 emphasin,
1419 1722 1562 1762 quam,
1579 1708 1610 1750 fi

343 1763 496 1805 Graeca
514 1762 693 1816 tantisper
716 1762 949 1816 seposueris,
969 1775 1049 1803 non
1068 1763 1324 1816 incongruam
1345 1775 1470 1816 neque
1492 1762 1613 1804 inele-
1669 1762 1682 1804 ⁶,

343 1828 498 1879 gantem
513 1817 665 1857 dixeris.
676 1816 743 1857 An
754 1829 855 1857 vero
870 1817 912 1857 δι
922 1817 1056 1857 eadem
1071 1815 1226 1870 prorsus
1240 1816 1377 1857 auEtor
1396 1816 1523 1857 noster
1540 1829 1612 1858 co·

344 1872 524 1924 gnaverit
536 1902 547 1919 ‚
566 1871 740 1911 dubitare
750 1870 852 1910 licet.
865 1871 1014 1924 Scopus
1032 1871 1167 1911 Niciae
1185 1871 1479 1917 tantummodo,
1498 1881 1543 1910 ut
1554 1871 1613 1911 in-
1662 1874 1690 1921 j„

343 1925 449 1966 1εᾶὶο
458 1925 607 1966 civibus
616 1924 694 1964 suis
704 1938 754 1965 ex
766 1924 1041 1978 Spartanorum
1053 1925 1212 1973 vicinia,
1224 1924 1477 1978 quantumvis
1487 1923 1613 1965 νὶἂο-
1667 1932 1675 1964 ,’

346 1992 435 2019 rum
458 1992 596 2033 nuper,
617 1989 723 2019 metu
742 1978 894 2032 aliquo,
912 1977 1115 2019 dissuadeat
1130 1978 1380 2032 longinquam
1398 1978 1612 2032 expeditio-
1675 2005 1679 2013 ·

346 2046 453 2081 nem,
471 2046 587 2087 quam
602 2033 640 2072 in
652 2032 809 2073 insulam
822 2033 938 2086 longe
950 2032 1106 2074 diffitam
1119 2031 1372 2072 Athenienses
1383 2032 1613 2072 meditaban-

346 2097 430 2128 tur:
448 2087 627 2128 hortatur
640 2087 757 2139 igitur
768 2099 838 2126 eos
850 2116 861 2135 ,
881 2099 930 2126 ne
938 2098 1075 2140 propter
1086 2085 1260 2138 adversam
1272 2086 1611 2127 Lacedaemoniorum

338 2140 520 2194 fhrtunam
533 2139 711 2194 effimntur
722 2140 835 2180 animo
843 2171 854 2188 ‚
874 2139 935 2180 sed
947 2151 992 2180 ut
1006 2141 1204 2180 moderate
1221 2138 1380 2179 sentiant
1392 2139 1521 2193 potius
1530 2169 1544 2186 ,
1556 2155 1612 2180 co-

347 2195 484 2234 lzibeant
495 2195 713 2249 cogitationes
723 2194 758 2233 6³
771 2209 864 2233 vana
877 2194 1013 2244 confilia
1034 2193 1080 2233 de
1099 2193 1259 2246 imperio
1279 2192 1391 2254 latius
1411 2191 1611 2246 proferen-
1662 2191 1679 2226 ἐν

346 2249 420 2297 do,
435 2247 537 2289 redte
549 2247 690 2288 scilicet
703 2246 860 2293 faEturi,
876 2246 904 2286 st
923 2246 1082 2287 affe&us
1097 2245 1189 2287 suos
1200 2258 1318 2309 atque
1329 2245 1351 2286 s
1373 2248 1482 2287 tritus
1493 2248 1613 2301 repri-
1662 2263 1670 2295 ,ῑ

348 2302 511 2350 mendo,
534 2302 722 2354 gaudeant
733 2300 947 2353 acquifitis‚
968 2301 1180 2352 &fiduciam
1190 2301 1312 2340 vm‘um
1348 2316 1468 2340 uarum
1482 2301 1613 2354 potius

346 2355 389 2396 &
402 2356 638 2409 prudentiae,
655 2367 772 2408 quam
786 2353 1023 2394 insolentiam
1035 2367 1085 2395 ex
1097 2352 1268 2394 secundis
1282 2356 1398 2394 rebus
1408 2353 1613 2397 ostentent.

345 2411 440 2451 Hoc
452 2410 554 2450 enim
569 2409 658 2448 illud
673 2407 726 2448 est
736 2439 748 2456 ‚
765 2408 872 2461 quod
884 2407 1048 2462 appellat
1059 2407 1200 2456 noster,
1212 2409 1286 2448 τας
1297 2407 1466 2448 διανοίας
1477 2406 1613 2462 κρατῆ-
1640 2421 1641 2424 ’
1674 2407 1678 2410 ’

347 2477 508 2510 σαντας,
530 2462 690 2516 ἓιαῤῥεῖν.
714 2461 818 2502 Dico
836 2460 1022 2508 διανοίας,
1041 2474 1124 2502 non
1141 2461 1292 2515 quidem
1313 2461 1387 2502 τῶν
1409 2462 1613 2513 πολεμίων,
1660 2472 1662 2474 “

344 2516 407 2558 sed
422 2519 494 2558 τὰς
506 2515 660 2559 ἑαυτῶν.
673 2516 805 2570 Atque
819 2515 895 2557 hoc
911 2515 1111 2559 vocabulo
1125 2516 1281 2570 proprie
1293 2515 1389 2557 tales
1401 2516 1611 2571 cogitatioae
