1690 3120
336 229 400 276 62
542 225 1416 278 ANNOTATIONES

391 319 465 358 ead.
478 317 501 357 l.
523 331 581 367 17.
605 316 646 357 ‘H
657 317 703 358 ‹Ne-
715 319 1063 360 Μασσαλίωπόλις
1079 319 1162 360 ἐστὶ
1173 319 1240 362 τῆς
1251 319 1433 376 Ἀφρικῆς)
1453 318 1549 362 Falli
1567 321 1608 364 in

333 384 402 420 eo,
420 371 527 425 quod
541 373 602 411 hic
613 373 659 412 de
671 373 833 412 Maffilia
847 373 992 421 scribit,
1009 374 1095 414 satis
1109 386 1247 415 notum
1262 374 1336 415 est:
1357 376 1462 428 quod
1480 375 1507 415 fi
1520 377 1609 429 quis

334 426 549 465 Μοισσυλίοι
564 425 671 466 illum
685 455 698 472 ,
721 439 803 466 non
817 428 1052 477 Macmm‘ae,
1072 428 1257 480 fcripfiffe
1269 430 1371 469 dicat
1381 458 1396 475 ,
1412 442 1460 469 ex
1483 430 1610 483 gentis

333 481 496 519 nomine
521 479 720 520 facientem
737 481 844 520 urbis
865 494 1028 528 nomen,
1051 495 1132 522 non
1157 483 1230 522 iam
1251 494 1349 524 vera
1365 484 1608 538 comperien-

335 542 424 582 tur,
445 546 545 586 quae
559 533 852 587 praecefferunt.
869 534 1025 574 STEPH.

390 590 464 627 ead,
486 588 509 626 l.
534 602 596 636 24.
620 587 664 627 oi
684 587 922 641 προσχόντες
944 588 1039 643 διε.)
1065 588 1175 629 Falso
1203 589 1414 637 existimat,
1439 590 1607 631 verbum

335 640 575 694 προσχόντες
586 640 693 695 poffe
708 642 769 682 vel
787 642 832 681 ad
845 641 931 682 τοὺς
942 639 1142 690 ὑπηκόους,
1154 644 1220 684 vel
1234 644 1282 683 ad
1293 644 1347 683 τὰ
1361 646 1527 683 νοιυτιιιὲι
1546 657 1608 685 re·-

335 694 444 736 ferri.
470 694 673 747 Quorsum
691 697 790 736 enim
805 697 1014 736 diceremus
1029 697 1062 735 οἱ
1073 698 1311 750 προσχόντες
1322 697 1402 736 τοῖς
1417 693 1607 746 ὑπηκόοις,

338 761 431 789 cum
448 749 551 789 nulla
564 748 734 789 ὑπηκόων
747 749 844 789 faeta
862 751 1007 790 mentio
1022 750 1136 790 fuerit
1147 781 1158 798 ‚
1186 761 1321 791 contra
1333 762 1464 791 autem
1477 766 1609 792 ναυτι-

339 805 392 843 κὰ
415 816 540 856 parvo
562 803 770 844 intervallo
791 804 1012 857 praecedat?
1035 804 1165 848 Adde,
1185 805 1294 858 quod
1314 817 1464 844 novum
1482 805 1608 859 quod·

315 887 321 894 .
338 857 427 896 dam
435 858 511 897 hoc
524 856 614 897 effer
627 858 673 896 ad
684 859 979 910 comparandam
992 859 1202 911 potentiam
1216 857 1437 907 artificium,
1447 862 1490 898 τό
1498 873 1610 911 προσ·

339 911 445 965 ἔχειν
455 911 531 957 τρῖς
545 910 732 951 ὑπηκόοις·
757 911 823 950 nifi
840 913 881 952 δι
893 912 984 952 huic
1007 913 1132 952 verbo
1145 914 1346 967 προσέχειν
1363 925 1471 953 nova
1489 926 1611 979 quae·
1648 960 1655 966 ,
1686 920 1690 933 ¹

334 967 424 1005 dam
437 965 479 1005 &
494 965 606 1018 plane
619 966 788 1005 inaudita
806 965 1033 1018 significatio
1044 966 1288 1007 tribueretur.
1304 967 1357 1005 At
1368 979 1467 1006 vero
1480 980 1510 1006 οι
1520 983 1610 1020 προ-

339 1019 505 1072 σχόντες
519 1018 680 1059 relatum
699 1020 746 1058 ad
760 1019 930 1059 dativum
943 1019 1022 1060 τοῖς
1039 1020 1239 1069 ναυτικοῖς,
1258 1020 1375 1060 Valla
1388 1021 1530 1067 vertit,
1549 1020 1609 1074 qui

330 1076 544 1128 studuerunt.
570 1073 627 1112 Ita
645 1074 748 1113 enim
767 1073 900 1113 locum
919 1074 1021 1115 hunc
1034 1074 1308 1127 interpretatur
1320 1104 1332 1122 ,
1349 1089 1418 1114 non
1435 1075 1608 1115 minimam

339 1140 452 1167 tamen
463 1157 473 1173 ,
490 1128 547 1181 qui
560 1128 629 1166 illis
637 1129 859 1181 studuerunt,
866 1129 933 1180 fibi
945 1129 1013 1167 vim
1029 1128 1172 1181 (dicere
1180 1129 1366 1182 potentiam
1378 1127 1609 1183 maluiffem)

340 1194 633 1236 comparaverunt.
656 1181 770 1234 Quin
790 1183 902 1221 etiam
918 1183 1097 1228 nomine,
1119 1183 1225 1235 quod
1247 1195 1295 1222 ex
1315 1182 1448 1222 eadem
1467 1180 1609 1223 familia

341 1234 420 1283 est,
443 1246 555 1276 utens
569 1267 581 1284 ‚
603 1238 733 1288 potius
747 1235 936 1281 dixiffem,
961 1236 1068 1289 (nam
1090 1238 1250 1275 ναυτικὰ
1262 1236 1377 1276 vertit
1391 1235 1529 1290 claffes)
1549 1237 1610 1290 qui

339 1291 476 1330 illarum
496 1291 640 1342 studiofi
652 1289 809 1341 suerunt.
837 1289 955 1342 paulo
982 1290 1084 1329 enim
1107 1288 1384 1344 significantius
1405 1290 1478 1330 dici
1502 1291 1580 1331 hoc
1592 1319 1609 1339 ,

341 1357 458 1397 quam
471 1343 561 1382 illud
573 1373 587 1390 ,
602 1344 768 1383 videtur.
787 1342 867 1383 Nifi
885 1344 1016 1397 aptius
1035 1355 1204 1396 utroque
1217 1342 1292 1384 effe
1306 1343 1516 1397 putandum
1530 1343 1610 1394 est,

341 1398 400 1451 qui
418 1398 518 1437 dediti
530 1398 600 1436 illis
608 1397 762 1449 fimum.
793 1398 892 1436 Nam
916 1398 1039 1436 minus
1054 1396 1307 1451 fignificanter
1319 1398 1524 1444 diceretur,
1547 1399 1608 1452 qui

341 1454 493 1491 animum
505 1454 556 1490 ad
563 1452 642 1490 illas
653 1452 872 1491 intenderunt.
887 1450 959 1491 Sed
970 1452 1078 1504 quod
1089 1453 1253 1491 ναυτικὰ
1264 1451 1377 1491 Valla
1389 1452 1506 1492 vertit
1517 1451 1610 1504 clas-

333 1506 392 1560 ses
402 1536 414 1554 ,
435 1507 481 1545 de
495 1506 571 1545 hoc
590 1516 693 1546 certe
710 1506 854 1544 illinon
872 1504 1073 1554 adsentior,
1096 1518 1141 1546 ac
1155 1506 1285 1558 potius
1296 1522 1361 1546 rem
1374 1507 1530 1545 navalem
1540 1507 1609 1546 de-

342 1558 466 1599 buiffe
484 1560 746 1613 interpretari,
770 1570 836 1598 aut
847 1574 913 1598 rem
927 1560 1123 1606 nauticam,
1143 1558 1341 1599 existimo:
1369 1559 1460 1599 illud
1479 1571 1609 1601 tamen

342 1614 435 1653 huic
457 1623 710 1667 anteponens.
723 1614 874 1653 STEPH.
887 1613 932 1652 In
944 1611 1045 1652 Cass'.
1059 1613 1107 1652 ad
1119 1613 1360 1667 προσχόντες
1372 1623 1522 1653 tantum
1537 1625 1609 1653 an-

336 1677 522 1708 notatum
535 1666 589 1707 est
599 1667 677 1707 τοῖς
690 1667 888 1707 ναυτικοῖς.

397 1725 471 1761 ead.
485 1722 509 1760 l.
523 1735 580 1771 25.
598 1721 645 1760 Ἥ
665 1720 698 1760 οἱ·
717 1720 1064 1774 καταστρέφοντες)
1085 1720 1185 1762 Vult
1202 1719 1342 1761 subhis
1355 1720 1510 1768 verbis,
1530 1719 1609 1762 δ’σοι

342 1774 396 1827 μὴ
412 1775 550 1828 διαρκῆ
558 1771 662 1828 εἶχον
673 1774 818 1829 χώραν,
827 1774 1018 1814 subaudiri
1029 1774 1059 1814 οἱ
1071 1775 1405 1827 καταστρέφοντες,
1414 1774 1481 1815 vel
1491 1774 1522 1814 οἱ
1538 1789 1610 1814 κιο-

342 1829 647 1882 τοιστρεφόμενοι.
664 1831 719 1869 At
736 1829 813 1869 hoc
832 1829 955 1868 dicere
967 1859 980 1874 ‚
1000 1828 1181 1881 quidnam
1198 1829 1322 1869 dicere
1339 1827 1418 1870 est?
1437 1828 1608 1868 Primum

345 1884 450 1924 enim
465 1896 536 1923 nec
550 1884 681 1923 dicunt
695 1884 966 1936 καταστρέφειν
981 1882 1147 1936 aliquam
1159 1883 1305 1937 χώραν,
1316 1895 1407 1923 cum
1420 1881 1609 1936 fignifica-

344 1950 393 1978 re
407 1937 551 1978 volunt
566 1938 725 1991 regionem
740 1937 889 1990 aliquam
896 1936 1102 1989 subiugare,
1126 1937 1190 1977 vel
1201 1937 1376 1990 subigere.-
1401 1948 1473 1976 nec
1495 1935 1610 1990 paffi·

346 2004 398 2031 va
413 2004 516 2032 voce
531 1991 859 2044 καταστρέφεσθαι
875 1991 923 2030 ab
936 1991 980 2030 iis
994 1991 1172 2031 dicuntur
1185 1990 1237 2030 illi
1249 2020 1260 2038 ‚
1273 2004 1412 2043 quorum
1424 1990 1514 2043 regio
1520 1990 1607 2042 sub-

347 2048 510 2098 iugatur;
528 2044 588 2084 sed
601 2056 749 2084 tantum
762 2044 888 2084 verbo
901 2045 1028 2084 medio
1042 2044 1375 2097 καταστρέφεσθαι
1388 2043 1427 2082 ἰη
1440 2057 1485 2084 ea
1497 2043 1610 2097 figni-

343 2099 528 2139 ficatione
546 2110 719 2138 utuntur.
738 2098 888 2138 Deinde
898 2128 911 2144 ,
922 2110 966 2138 ut
978 2099 1024 2137 ad
1036 2097 1139 2138 hunc
1152 2097 1329 2139 Graecae
1341 2095 1497 2150 linguae
1513 2098 1610 2138 abu-

346 2153 431 2193 sum
444 2154 745 2201 conniveamus,
769 2152 811 2191 &
826 2162 991 2192 mentem
1010 2152 1158 2205 potius,
1182 2163 1297 2205 quam
1318 2152 1460 2198 verba,
1483 2151 1611 2192 confi-

345 2208 540 2255 deremus,
559 2206 762 2260 quomodo
775 2206 914 2245 rationi
929 2206 1225 2246 consentaneum
1240 2205 1313 2254 est,
1333 2217 1375 2245 ut
1389 2205 1466 2245 hoc
1475 2205 1522 2246 de
1535 2204 1608 2246 illis

345 2262 464 2302 etiam
485 2261 553 2300 dici
569 2259 699 2314 potiit,
719 2272 888 2314 quorum
903 2260 1012 2312 regio
1026 2260 1310 2312 subiugaretur‚
1332 2258 1396 2299 v'el
1417 2258 1609 2313 subigere-

346 2314 439 2355 tur?
464 2316 540 2355 hoc
551 2342 565 2361 ,
582 2315 736 2367 inquam
749 2345 760 2363 ‚
779 2312 864 2354 illos
879 2314 1073 2366 regionem
1085 2344 1099 2360 ,
1113 2326 1212 2366 quae
1231 2312 1389 2365 ἓιαρκὴς
1408 2312 1520 2359 estet,
1541 2312 1608 2366 (id

347 2368 423 2414 est,
445 2385 469 2408 a
487 2384 555 2421 qua
565 2368 883 2421 suppeditarentur,
900 2383 984 2421 quae
1006 2370 1055 2406 ad
1070 2369 1190 2407 νὶέῖιιηι
1205 2365 1415 2422 sufficerent)
1437 2379 1519 2406 non
1536 2366 1607 2407 ha-

347 2422 493 2464 buifl'e?
520 2423 645 2462 lmmo
659 2434 760 2462 vero
772 2421 850 2462 hoc
868 2421 991 2474 magis
1003 2433 1111 2460 tutos
1124 2421 1175 2460 ab
1187 2419 1406 2461 huiusmodi
1419 2419 1606 2461 violentia

347 2490 418 2517 eos
437 2475 656 2517 reddidiss'et.
681 2474 884 2529 Quorsum
902 2476 1003 2515 enim
1025 2475 1180 2515 minime
1200 2473 1338 2515 feracis
1359 2472 1430 2514 soli
1454 2473 1607 2515 incolae

345 2530 447 2573 aliud
455 2561 472 2580 ‚
482 2531 592 2586 quod
602 2530 732 2571 itidem
742 2530 898 2571 minime
908 2528 1017 2572 ferax
1027 2541 1072 2569 ac
1081 2528 1204 2571 fertile
1215 2527 1338 2581 foret,
1356 2527 1526 2571 incolere
1534 2540 1607 2569 vo-
